3484 4875
558 512 783 559 annotantunus
800 514 830 559 lli
846 512 937 559 rusrn
952 513 1054 559 lllll'lll
1252 492 1316 559 225

326 618 433 686 Verum
467 618 559 684 nobis
595 620 726 687 minime
757 620 995 687 abscedendum
1021 628 1070 687 est
1099 640 1118 686 a
1153 622 1342 708 prescripto

326 706 468 774 Breviorii
491 708 595 773 nostri
614 708 681 796 jam
707 729 723 774 a
747 708 780 775 S.
805 709 912 785 Sede,
940 718 1014 798 post
1037 709 1156 776 editum
1179 710 1258 776 illud
1282 710 1342 776 Re·

326 805 461 873 cretum‚
485 797 589 863 denuo
613 797 792 884 adprobati.

326 938 329 948 .
355 922 394 935 -
415 886 438 951 1.
462 885 496 951 Si
521 885 650 951 Festum
673 907 838 953 sacrarum
864 887 1088 975 Reliquiarum
1112 894 1174 953 etc.
1199 886 1238 951 ad
1262 894 1341 952 tem·

326 991 377 1059 pus
399 974 553 1041 Paschale
578 974 801 1054 transferatur,
828 975 995 1052 Officium,
1019 977 1159 1062 exceptis
1183 977 1340 1062 propriis,

327 1081 359 1127 ex
379 1084 415 1129 co
446 1072 590 1149 tempore
622 1065 758 1129 sumitur
792 1064 932 1129 secundo
963 1066 1044 1131 loco.
1076 1066 1193 1139 Missa,
1225 1073 1343 1150 praeter

326 1149 487 1217 Orationes
522 1173 592 1237 quae
627 1154 765 1239 proprie
800 1152 979 1230 hahentur,
1010 1161 1059 1219 est
1085 1154 1191 1219 Sancti
1224 1155 1270 1219 tui
1304 1153 1342 1218 dc

326 1239 486 1305 Communi
510 1248 655 1326 tempore
679 1242 835 1307 Pasclvali.

354 1330 399 1395 .ll.
423 1330 459 1395 ln
482 1330 580 1395 llissa
603 1329 689 1395 Festi
713 1329 762 1396 δὲ.
787 1331 1016 1418 Reliquiarum,
1041 1351 1110 1417 qvvae
1134 1336 1340 1396 asservantur

327 1416 354 1481 in
374 1418 524 1484 Fcclesiis
549 1420 644 1483 trium
670 1417 824 1484 Ordinurn
848 1421 881 1484 S.
899 1420 932 1484 P.
950 1418 986 1484 N.
1012 1419 1186 1494 Francisci,
1211 1418 1341 1484 additur

327 1506 418 1571 Credo
441 1527 480 1572 ex
503 1508 655 1593 peculiari
679 1510 867 1594 praescripto
893 1508 993 1573 nostri
1017 1508 1154 1574 lllissalis
1176 1509 1243 1595 jann
1267 1528 1285 1572 a
1309 1505 1341 1570 S.

327 1590 359 1658 ll.
375 1595 405 1661 (l.
431 1596 614 1682 approbati;
639 1616 677 1662 ex
702 1596 840 1662 Robrica
864 1600 949 1662 enim
972 1598 1021 1662 tit.
1044 1596 1087 1662 XI
1111 1597 1190 1662 illud
1216 1595 1259 1660 ihi
1277 1605 1344 1659 tan·

327 1688 387 1748 tum
409 1685 594 1770 praeoipitur
618 1685 797 1761 dicendum,
821 1686 876 1750 uni
902 1686 1020 1773 Corpus
1043 1687 1093 1750 vel
1113 1684 1237 1769 iivsipois
1261 1683 1342 1748 Reli·

327 1772 394 1857 qoio
417 1774 534 1838 colitur
557 1773 624 1858 ejus
648 1773 769 1851 Sancti,
795 1774 885 1861 cujus
908 1774 1005 1840 llissa
1029 1773 1219 1840 celebratur.
1246 1772 1341 1837 Cava·

328 1857 418 1927 lerius
449 1862 655 1927 nihilominus
687 1863 704 1949 (
717 1874 755 1929 to.
781 1863 796 1927 l
825 1885 850 1928 c.
875 1864 896 1927 1
920 1863 949 1928 d.
976 1863 1016 1928 16
1040 1885 1069 1927 n.
1095 1863 1133 1927 51
1148 1864 1165 1947 )
1197 1868 1342 1927 autumat

328 1950 449 2016 recitari
483 1971 578 2035 posse
604 1951 701 2017 Credo
736 1951 820 2038 apud
850 1971 1068 2037 quoscumque
1104 1950 1279 2034 Regulares
1312 1951 1344 2015 in

329 2055 397 2104 casu
420 2040 590 2123 pvaedicto;
615 2042 688 2125 quia
713 2061 786 2106 cum
802 2039 933 2106 Festum
958 2040 1036 2105 illud
1061 2038 1101 2105 ud
1125 2059 1235 2104 omnes
1254 2059 1344 2124 pror·

329 2144 377 2192 aus
406 2127 567 2213 Reliquias
600 2130 779 2214 pertineat,
811 2148 949 2214 quorum
982 2129 1154 2193 thesaurus
1185 2127 1344 2192 Ecclesias

329 2223 453 2282 exornat
476 2218 572 2282 totius
596 2216 724 2283 Ordinis
747 2238 802 2284 seu
827 2217 1024 2301 Religionis,
1056 2214 1203 2301 prolecto
1226 2217 1345 2300 impio

330 2299 424 2370 labile
459 2313 508 2371 est
531 2307 653 2391 aliquas
677 2308 720 2371 ibi
756 2328 818 2372 non
846 2306 980 2371 inveniri
1018 2304 1180 2390 Reliquias
1205 2305 1345 2388 insignes

334 2388 438 2459 tllnisti
462 2394 596 2471 Domini,
613 2396 647 2461 B.
670 2396 708 2461 ll.
728 2394 774 2472 V„
798 2395 847 2461 vel
871 2395 1113 2482 Apostolorum,
1138 2400 1190 2458 aut
1215 2391 1265 2458 Ss.
1284 2392 1342 2457 llo·

334 2489 467 2559 olorum,
499 2505 635 2571 cpvvovum
666 2485 769 2550 Missae
793 2505 830 2550 ex
862 2505 897 2548 se
925 2484 1014 2570 juxta
1046 2482 1217 2548 Rubricam
1245 2482 1342 2548 Credo

336 2582 507 2656 exposcunt.
533 2573 670 2639 Rursum
698 2573 796 2638 Credo
826 2573 889 2639 dici
913 2593 1008 2658 posse
1038 2570 1164 2638 videtur
1195 2571 1290 2635 ctiam
1315 2572 1347 2636 in

336 2654 415 2726 lissa
440 2661 537 2738 Beati,
561 2663 651 2749 cujus
675 2683 713 2726 ex
736 2662 861 2727 indulto
888 2660 1053 2727 Pontificio
1077 2661 1270 2747 persolvitur
1294 2657 1346 2725 (ll-

339 2742 450 2825 ltinm‚
482 2752 513 2816 in
537 2751 680 2817 Ecclesia
710 2750 762 2815 ubi
787 2752 921 2836 insignis
945 2758 1030 2815 extet
1053 2749 1154 2835 ipsius
1179 2748 1345 2834 Reliquis,

337 2831 495 2904 dummodo
530 2841 733 2926 persolvatur
761 2840 820 2905 sub
855 2841 920 2906 ritu
957 2838 1085 2926 duplici.
1109 2837 1249 2904 Merctor
1270 2838 1345 2926 p.l

339 2923 373 2988 tv.
398 2928 433 2990 ll
461 2951 489 2993 n.
517 2928 568 2994 lu.
1343 2988 1350 3003 χ

339 3020 342 3025 “
374 3012 423 3080 Ill.
449 3014 598 3095 Quamvis
622 3016 751 3082 Festum
775 3017 915 3084 omnium
940 3017 1036 3083 simul
1060 3015 1291 3101 Reliquiarum‚
1315 3024 1350 3080 ut

340 3116 445 3186 supra,
477 3116 591 3190 agatur
613 3127 651 3170 ex
674 3106 858 3191 Apostolico
883 3106 1033 3181 Indulto;
1067 3125 1155 3190 aeque
1180 3113 1286 3170 tamen
1311 3102 1349 3168 de

342 3187 483 3274 singulis,
513 3195 567 3260 ubi
591 3202 816 3270 asservantur,
847 3196 922 3260 licet
946 3196 1015 3278 agi,
1040 3194 1104 3259 imo
1134 3213 1209 3258 vero
1235 3192 1350 3266 debet,

342 3275 363 3338 sl
385 3299 440 3347 usu
470 3290 634 3370 receptum
658 3283 708 3348 sit.
734 3283 764 3348 S.
790 3283 825 3347 ll.
854 3283 886 3350 C.
909 3284 951 3348 aa
985 3282 1078 3348 Mart.
1107 3281 1191 3346 17115
1224 3280 1256 3344 io
1286 3301 1350 3345 uua

342 3360 447 3434 Nullius
470 3371 561 3436 Prco.
591 3372 755 3447 Toletoace,
779 3371 875 3436 Rubr.
898 3370 1000 3460 pecul.
1025 3393 1058 3435 n.
1082 3369 1103 3434 2
1128 3380 1156 3434 et
1182 3367 1284 3434 Ccvol.
1310 3377 1349 3432 to.

346 3449 357 3511 l
379 3475 401 3519 e.
421 3458 441 3522 1
463 3460 493 3526 d.
520 3462 560 3526 16
583 3484 613 3526 o.
639 3461 690 3525 17.
714 3459 831 3526 Verum
857 3468 892 3525 ut
916 3459 1093 3545 cujuspiam
1116 3457 1268 3541 Reliquiae
1292 3453 1345 3518 lll-

346 3532 434 3611 lcium
456 3549 613 3615 celebrari
635 3549 748 3635 possit,
766 3569 897 3615 necesse
921 3558 969 3613 est
994 3547 1036 3612 l.⁰
1051 3546 1092 3612 Ut
1114 3547 1170 3613 illa
1193 3545 1235 3610 sit
1258 3545 1350 3609 unius

347 3626 487 3702 eSancvis
510 3639 541 3703 in
559 3637 786 3725 Martyrologio
804 3638 948 3703 Romano
973 3635 1158 3720 descriptis:
1183 3633 1245 3698 nisi
1262 3641 1350 3698 certo

349 3729 473 3802 constet,
498 3747 592 3801 eum,
616 3728 763 3810 evulgato
783 3727 851 3814 jam
875 3724 1122 3813 llartyrologio,
1147 3722 1296 3807 deinceps
1319 3723 1350 3788 in

349 3795 519 3896 §anctorum
543 3816 658 3881 Album
682 3815 780 3881 luisse
805 3817 966 3888 relatum3
991 3833 1053 3900 quo
1078 3832 1154 3879 casu
1177 3819 1350 3896 utcumque

348 3903 371 3951 ¹1¹
385 3913 439 3968 una
462 3913 493 3970 et
513 3905 615 3970 altera
632 3903 849 3992 llartvrologii
873 3903 1013 3971 editione
1028 3902 1116 3969 illius
1134 3901 1252 3967 mentio
1268 3899 1351 3965 lortc

347 3968 546 4070 desideretur,
569 3993 602 4059 id
626 3992 831 4059 nihilominus
855 3990 1000 4058 Ollicium
1024 4012 1088 4056 non
1110 3989 1251 4077 impedit.
1276 3988 1354 4055 Sul-⁴

343 4054 535 4235 leiliporro,
559 4090 593 4151 ut
617 4083 648 4147 iu
673 4081 899 4170 Martyrologio
922 4079 1028 4149 Sancti
1051 4079 1221 4168 appellatio
1246 4077 1348 4145 eidem
