3484 4875
584 501 677 547 eurvr
692 502 732 547 vv.
748 501 787 548 nn
804 502 1121 557 comnnonarronvnus
1321 485 1362 552 79

330 624 396 671 one
421 608 628 693 perspicuum
651 608 702 674 ur..
719 608 815 674 arcer.
836 608 938 697 pecul.
968 632 998 674 a.
1024 611 1076 676 55.
1100 610 1135 676 In
1160 609 1303 697 Deiparre
1327 612 1381 679 Oi·

328 698 388 761 ciis
414 698 524 762 iocum
545 718 670 785 quoqne
693 698 789 763 habet
811 699 958 784 superior
980 700 1192 785 praescriptio.
1222 698 1378 779 Quocirca

328 800 336 845 ι
363 806 527 852 concursu
551 786 718 853 Festorum
742 788 999 853 Annuntiationis
1016 807 1052 852 ac
1070 788 1197 875 Septem
1215 788 1379 866 boiorum,

328 892 334 934 ι
362 876 454 940 iliius
478 874 627 961 Vesperis
661 877 749 942 nnita
773 876 811 942 de
835 878 896 941 isto
920 876 955 941 iit
978 878 1249 943 commemoratio.
1268 878 1378 945 'Nuiia

328 981 383 1029 em
410 965 520 1049 agitur
543 964 581 1029 de
605 964 698 1030 Festo
723 964 778 1031 SS.
803 964 945 1030 Nominis
969 965 1075 1031 Mariae
1093 968 1123 1031 in
1150 967 1297 1033 secundis
1321 967 1379 1033 Vc·

328 1053 413 1117 reris
439 1053 510 1139 ejus
544 1052 724 1120 Nativitatis
754 1054 836 1119 siin
860 1054 1034 1120 Sabbatum
1058 1054 1192 1129 incidat;
1216 1075 1317 1142 neque
1342 1056 1380 1122 de

328 1142 401 1227 rjus
427 1140 481 1207 die
505 1140 622 1207 Octava
647 1151 699 1208 aut
724 1141 806 1207 inira
830 1140 982 1208 Octavam
1005 1146 1035 1208 in
1061 1145 1116 1209 iiio
1151 1144 1255 1209 Festo.
1281 1145 1376 1212 liuba

328 1230 407 1295 cerri.
432 1253 466 1295 c.
494 1231 535 1296 56
559 1240 588 1295 et
610 1231 641 1296 S.
665 1232 702 1298 R.
729 1231 760 1297 6.
785 1230 827 1296 25
850 1231 934 1319 Sept.
961 1232 1046 1318 tout
1069 1232 1159 1298 Dccr.
1193 1253 1296 1318 perer.
1321 1233 1380 1299 Ex·

329 1320 474 1405 piantur
509 1328 633 1385 tantum
657 1320 750 1385 Festa
778 1319 914 1406 Domini.
938 1320 1046 1407 itaque
1070 1321 1109 1410 de
1136 1322 1319 1387 Inventione
1343 1321 1375 1388 S.

328 1409 417 1473 rucis
442 1409 479 1472 in
501 1408 651 1494 Vesperis
674 1409 878 1475 ascensionis
904 1408 955 1495 (si
980 1410 1047 1475 haec
1071 1409 1133 1475 duo
1158 1411 1378 1498 concurrant)

328 1498 574 1588 mmemcratio
597 1497 778 1583 peragenda
801 1505 866 1573 est,
890 1506 922 1563 et
946 1498 1030 1584 apud
1053 1519 1110 1563 nos
1135 1499 1173 1564 de
1197 1497 1315 1565 Octava
1340 1499 1377 1563 C·

328 1586 469 1673 pbaniae
485 1587 518 1653 in
535 1587 646 1672 primis
658 1586 806 1673 Vesperis
819 1584 875 1652 SS.
889 1586 1031 1653 Nominis
1043 1587 1130 1653 Jesn.
1147 1588 1287 1673 idipsum
1306 1588 1377 1654 aliis

349 1675 493 1741 casibus
510 1674 737 1761 praestandum,
753 1674 925 1741 dummodo
949 1675 1115 1742 decadem
1133 1675 1257 1743 Domini
1281 1676 1376 1744 Festo

329 1764 343 1829 l
369 1763 533 1851 Mysterio
549 1765 580 1829 in
605 1763 715 1830 eadem
732 1762 832 1830 Officii
847 1773 938 1849 parte
955 1764 1004 1829 bis
1028 1786 1090 1831 nou
1114 1774 1230 1850 agatur
1253 1786 1378 1851 expres·

328 1873 370 1919 n.
407 1851 627 1933 Quamobrem
651 1852 826 1919 omittenda
849 1862 898 1918 est
932 1854 965 1919 in
992 1854 1140 1920 secundis
1163 1854 1313 1940 Vesperis
1336 1855 1376 1921 0-

328 1962 404 2008 avae
422 1944 577 2027 Corporis
594 1941 711 2008 Christi
734 1944 995 2007 commemoratio
1013 1943 1098 2008 Festi
1115 1941 1170 2008 SS.
1189 1942 1301 2008 Cordis
1324 1944 1376 2009 Je-

329 2080 345 2107 ,,
375 2050 418 2095 ec
443 2029 530 2119 quod
555 2050 644 2117 aeque
662 2027 708 2097 'ad
732 2031 920 2097 memoriam
953 2031 1029 2097 Ven.
1066 2031 1267 2109 Sacramenti
1290 2053 1378 2099 reco-

328 2118 460 2195 ndam,
484 2119 679 2205 conjunctim
702 2119 778 2185 licet
801 2140 873 2186 cum
908 2121 1077 2206 praecipuis
1109 2122 1180 2186 aliis
1215 2120 1376 2188 beneficiis

331 2209 426 2273 vinae
447 2209 484 2275 iu
508 2229 565 2274 nos
590 2207 782 2284 eharitatis,
806 2209 988 2275 institutum
1013 2220 1070 2275 cst.
1099 2209 1195 2275 Rrrbr.
1218 2211 1320 2297 pecul.
1346 2234 1374 2276 c.

328 2298 352 2363 i.
376 2296 443 2363 Ubi
468 2317 544 2363 vero
568 2295 698 2363 Festum
721 2296 777 2363 SS.
795 2296 906 2363 Cordis
929 2297 1005 2364 Jesu
1024 2298 1204 2364 celebratur
1228 2297 1286 2363 sub
1311 2300 1376 2365 ritu

328 2385 423 2474 vplici
458 2387 571 2473 primae
605 2395 661 2454 ant
683 2385 830 2454 secundae
861 2387 995 2463 classa,
1017 2386 1167 2474 Vespera
1191 2387 1229 2453 de
1252 2389 1322 2473 ipso
1346 2408 1377 2454 a·

328 2484 433 2542 intur·
450 2476 521 2542 sinc
544 2478 845 2555 commemoratione
869 2475 996 2542 Octava
1017 2475 1167 2562 Corporis
1192 2475 1319 2541 Christi.
1343 2478 1374 2542 S.

328 2617 332 2630 .
361 2564 398 2631 0.
425 2565 471 2630 td
493 2563 585 2632 Febr.
611 2565 696 2631 tu5o
720 2568 752 2629 ic
773 2565 870 2631 Atbec
894 2565 935 2629 od
952 2565 980 2631 5.
1000 2563 1160 2630 Praeterea
1184 2585 1375 2630 commemo·

328 2655 421 2720 rtioni
438 2655 531 2721 locus
548 2675 611 2721 non
628 2662 678 2720 est
693 2655 725 2720 in
738 2652 898 2721 Officiistt
921 2654 1092 2719 steriorum
1105 2655 1160 2719 aut
1179 2653 1375 2720 instrumen-

328 2762 411 2810 ›rnm
435 2742 598 2809 Passionis
622 2743 757 2819 Domini,
774 2764 802 2809 v.
820 2762 866 2827 gr.
892 2675 1052 2809 drationis
1073 2743 1227 2809 initiante
1250 2741 1376 2822 Oliveti,

328 2831 537 2898 retiosissimi
559 2831 739 2916 Sanguinis,
756 2832 888 2898 Coronae
910 2830 1046 2919 spineae,
1064 2830 1120 2898 SS.
1137 2831 1287 2899 Sindonis
1303 2839 1375 2908 etc..

328 2964 333 2982 .
357 2919 459 2986 simul
478 2929 683 2987 concurrant.
708 2919 743 2986 Si
767 2919 897 3007 aliquod
920 2921 1127 2987 nibilominus
1151 2942 1189 2987 ex
1212 2921 1300 2988 hisne
1323 2919 1376 2987 Oi·

329 3006 391 3072 ciis
414 3005 564 3076 Octavam
580 3010 739 3076 adsciscat
763 3007 835 3096 (uti
862 3009 943 3075 iliud
959 3008 1015 3075 SS.
1033 3007 1184 3076 Sindouis
1200 3011 1232 3075 in
1257 3010 1376 3076 ditione
1404 3074 1407 3081 .

329 3094 571 3186 adamantum)
595 3097 733 3165 etinira
756 3098 902 3164 eamdem
936 3099 987 3164 vel
1009 3100 1079 3184 ipsa
1103 3099 1153 3164 die
1184 3097 1302 3165 Octava
1326 3120 1377 3165 oc·

328 3194 418 3251 urrat
439 3188 490 3253 vcl
513 3196 685 3254 concurrat
708 3187 838 3253 Festum
862 3186 949 3253 alind
974 3187 1013 3252 dc
1030 3188 1193 3263 Passieno,
1217 3195 1285 3254 tum
1301 3207 1377 3254 vcro

328 3273 554 3362 audquaquam
577 3277 846 3363 pretermittitur
867 3273 994 3342 Octava
1030 3277 1303 3351 commemoratio,
1339 3296 1377 3342 ac

328 3362 405 3510 dim
428 3363 492 3436 diei
515 3364 599 3435 intra
622 3364 785 3434 Octavam.
808 3365 840 3430 S.
865 3363 901 3431 R.
922 3364 954 3433 C.
979 3365 1021 3432 tu
1044 3364 1138 3432 Febr.
1163 3364 1249 3430 1856
1273 3363 1307 3428 ic
1322 3362 1377 3428 At·

342 3452 448 3518 cc.·cd
471 3453 502 3520 5.

353 3540 403 3606 t.
429 3541 668 3610 Advertcndum
692 3550 742 3609 est
757 3543 791 3609 2⁰
819 3542 1156 3610 commemorationem
1172 3539 1377 3617 Sanctorum,

330 3642 445 3710 qnorum
461 3627 571 3698 Officia
594 3653 707 3699 novem
730 3631 927 3709 Lectionum,
945 3652 982 3697 co
1006 3631 1091 3718 quod
1108 3628 1284 3696 defecerint
1308 3629 1376 3696 dies

330 3725 451 3786 ruente
468 3740 563 3798 anno,
579 3721 721 3809 inhujus
737 3722 823 3789 exitu
840 3730 1025 3808 supersunt,
1043 3718 1158 3787 diebus
1176 3740 1287 3787 corum
1303 3740 1377 3807 prc-

329 3804 388 3885 vais
409 3810 626 3895 peragendam
649 3831 731 3888 esse,
758 3830 966 3897 quacumque
989 3811 1021 3876 in
1045 3810 1109 3876 iliis
1134 3817 1306 3876 occurrant
1324 3807 1375 3874 Oi·

328 3888 389 3962 icia.
411 3897 629 3984 Excipiuntur·
651 3898 852 3966 solummodo
876 3897 1031 3967 Triduum
1063 3900 1211 3965 ultimum
1242 3897 1374 3986 majoris

328 3975 533 4064 Hebdomada,
548 4008 607 4055 nec
623 4009 686 4054 non
702 3988 877 4055 bominicae
890 3986 1057 4054 Paschatis
1074 3996 1106 4053 et
1116 3988 1323 4054 Pentecostes
1340 4007 1377 4054 ac

328 4067 372 4140 tuo
394 4075 462 4144 dies
486 4084 656 4165 utramque
678 4077 923 4166 subsequentes.
941 4076 977 4144 ln
1000 4077 1039 4145 iis
1063 4077 1148 4143 enirn
1165 4077 1284 4162 quevis
1301 4074 1378 4143 San·
