3484 4875
361 508 426 575 291
650 525 873 573 annonarronns
889 526 919 570 rr
933 526 1026 571 rnsm
1042 527 1111 572 nau

340 633 391 699 11.
417 669 461 681 --
488 628 579 711 Quod
611 630 651 694 erl
684 628 829 695 Officium
859 638 986 714 spectat
1017 630 1049 695 S.
1074 629 1232 697 Bonilaeii
1261 631 1285 695 M

383 740 457 785 oum
481 719 663 785 celebratur
686 718 745 784 sub
768 719 833 783 ritu
857 718 1007 802 simplici,
1024 718 1097 784 vide
1121 740 1195 805 quae
1219 720 1288 784 am'n

381 808 480 872 timus
505 806 563 871 sub
589 805 639 870 die
661 806 703 869 11
719 805 838 890 Aprilis
863 827 893 869 n.
911 805 965 869 lll.
983 806 1080 871 Missa
1104 809 1169 872 erit
1192 807 1288 883 Protea

384 894 563 968 Communi,
581 913 652 958 oum
669 896 808 978 propriis
825 892 1031 958 Orationibus
1055 896 1102 959 uti
1121 894 1218 960 hodie
1234 896 1288 959 inl

341 982 392 1050 lO.
417 1018 461 1029 —
476 982 501 1047 l.
518 981 554 1046 In
570 980 666 1046 Festo
690 980 722 1045 S.
741 980 873 1045 loannis
889 979 1107 1066 Nepomuooni
1133 990 1200 1047 tam
1218 984 1288 1047 intre

383 1076 473 1134 extra
498 1078 624 1153 tempus
647 1068 823 1145 Paschale,
848 1069 965 1152 legitur
988 1067 1121 1134 homilia
1151 1071 1184 1135 in
1209 1070 1287 1134 ilvan

381 1157 469 1221 Nibil
485 1168 528 1222 est
551 1166 694 1243 opertam
719 1164 779 1221 oto.
797 1156 828 1220 S.
846 1154 882 1219 R.
904 1156 935 1221 O.
955 1157 973 1220 5
997 1155 1079 1241 Mojr‘
1096 1158 1184 1223 1756
1202 1158 1232 1220 ia
1248 1157 1288 1221 itt

381 1244 478 1309 Missa
501 1243 648 1309 Pasebali
672 1251 817 1328 tempore
841 1252 890 1307 est
914 1243 1084 1308 Proteaistr'
1111 1265 1186 1309 oum
1211 1246 1288 1310 Orati

364 1332 539 1417 propriis,
564 1341 659 1415 atque
682 1330 854 1414 Evangelio
878 1330 957 1395 nibil
979 1341 1022 1394 est
1046 1342 1217 1419 opertum
1241 1343 1287 1397 ext

382 1427 510 1505 tempus
534 1421 595 1484 erit
610 1419 793 1493 Laetabitur,
811 1438 883 1482 oum
901 1418 1106 1484 Orationibus
1132 1429 1169 1486 ut
1193 1440 1288 1505 supra.

382 1509 482 1572 nostri
502 1508 585 1572 Miss.
603 1507 654 1572 ibi.
672 1507 707 1571 ln
732 1506 841 1571 Ollioio
866 1515 974 1572 autem
998 1516 1088 1571 extra
1114 1516 1241 1593 ternpus
1257 1509 1288 1571 Pa

383 1596 449 1681 OM.
468 1595 529 1660 orit
545 1595 605 1661 Hie
628 1605 672 1660 est
686 1616 757 1659 vere
772 1593 906 1681 Mamur,
925 1602 1096 1679 propterea
1120 1598 1206 1681 quod
1224 1596 1285 1660 Sl

380 1682 626 1768 Mepomuoenus
643 1682 756 1748 eodem
773 1685 886 1746 mortis
904 1702 1020 1765 galtere
1043 1683 1206 1748 interierit
1222 1704 1256 1747 ao
1272 1682 1288 1746 S

383 1771 478 1834 listus
503 1778 534 1835 ot
550 1770 696 1835 Clemens
717 1770 888 1835 Pontifices
912 1779 944 1834 et
967 1770 1135 1856 Martyres
1154 1773 1187 1836 in
1211 1792 1285 1857 quor

385 1857 456 1921 linio
481 1857 730 1943 Responsorium
755 1857 834 1922 illud
859 1858 1090 1941 praescribitur.

426 1945 466 2009 ll.
491 1945 616 2009 Alioubi
639 1944 764 2032 praelati
788 1944 819 2009 S.
844 1944 976 2010 loannis
993 1943 1140 2010 (illirium
1165 1954 1197 2010 el
1219 1946 1287 2009 Miss

383 2032 525 2117 propria.
543 2032 619 2097 Haeo
642 2034 681 2098 ab
698 2034 737 2097 iis
762 2032 939 2107 dumtaxat,
956 2032 1071 2116 quibus
1090 2032 1122 2097 S.
1142 2032 1233 2097 Sedis
1251 2034 1288 2096 im

383 2120 600 2202 suffragatur,
621 2119 785 2185 recitanda
809 2127 885 2184 sunt
908 2128 940 2183 et
963 2120 1091 2205 quidem
1117 2140 1156 2184 ex
1179 2140 1288 2206 pratee}

382 2209 580 2291 nusquisque
603 2209 687 2271 enim
712 2207 807 2271 debet
830 2205 976 2272 Officium
1000 2214 1031 2271 et
1055 2208 1187 2271 Missam
1210 2228 1288 2292 pers(

382 2302 478 2380 prout
501 2295 561 2359 sibi
587 2314 775 2359 conoessum
799 2302 858 2368 est,
876 2294 954 2358 nibil
979 2314 1095 2379 nempe
1118 2295 1288 2370 addendo,

382 2382 509 2459 mondo,
533 2382 582 2447 vel
606 2381 816 2447 immutando.
840 2382 871 2446 S.
897 2381 933 2447 R.
961 2382 993 2448 O.
1017 2382 1059 2446 25
1085 2381 1260 2449 ,11111716
1282 2405 1288 2445 r

382 2471 490 2535 riallon.
515 2470 621 2534 111115
646 2480 675 2534 el
699 2471 717 2534 7
742 2470 814 2534 Dee.
841 2470 927 2534 loll
951 2471 982 2533 iu
1009 2470 1136 2536 Culllea.

428 2558 482 2622 lll.
507 2557 767 2622 Posteommunio
799 2558 831 2620 in
854 2557 951 2622 Missa
984 2556 1015 2621 S.
1041 2557 1175 2623 loannis
1197 2557 1288 2643 Nepor

382 2645 513 2709 minime
537 2644 740 2710 concluditur
762 2644 798 2708 Ia
821 2645 939 2708 atrrilote
962 2645 1102 2728 ejusdem
1131 2647 1265 2733 Spiritus
1287 2696 1288 2702 .

384 2732 441 2796 sad
469 2732 659 2818 simpliciter
682 2731 719 2795 Iu
748 2734 866 2795 onitate
896 2732 1031 2820 Spiritus
1060 2735 1161 2797 soracti
1184 2742 1242 2798 ete.
1265 2732 1288 2796 S.

386 2820 427 2883 ln
449 2819 526 2884 Nor.
553 2819 634 2884 1851
663 2820 693 2882 iu
716 2840 780 2883 ooo
803 2819 982 2883 Marsorum
1005 2821 1047 2884 nul
1070 2821 1123 2885 ab.

342 2907 393 2971 17.
419 2943 462 2954 -
479 2906 610 2985 Quoties
627 2906 757 2972 Mestum
774 2906 806 2970 S.
823 2907 989 2972 Pasohalis
1005 2908 1125 2993 Baylon
1145 2909 1250 2991 agitur
1264 2907 1288 2970 ll

385 3003 541 3080 tompore,
559 2995 739 3059 servabitur
755 2994 894 3059 Rubrioa
918 2995 1051 3079 hujusne
1070 2998 1235 3080 temporis,
1251 3015 1288 3058 ser

384 3102 444 3148 nos
469 3083 632 3147 oonelusio
656 3082 771 3169 Hymni
796 3082 836 3146 ad
859 3083 1051 3148 Matutinom
1074 3091 1106 3148 et
1131 3083 1274 3158 LaudeS,

386 3170 529 3255 propria,
552 3190 716 3254 nunquam
739 3169 926 3235 variabitur.
944 3171 1040 3236 Robr.
1065 3171 1165 3235 nostri
1186 3172 1272 3236 Brea.

385 3257 483 3323 Missa
506 3265 595 3323 extra
619 3259 681 3323 boe
705 3265 830 3343 tempus
855 3259 1049 3324 omittuntur
1070 3259 1211 3345 Allelujo
1236 3258 1272 3323 all

385 3353 473 3496 {Camil
491 3343 697 3497 OMortorium
728 3354 760 3409 et
788 3345 1073 3421 Communionem,
1107 3355 1204 3432 atquo
1231 3346 1288 3431 adju

400 3453 449 3496 ara
477 3452 557 3496 uae.

344 3520 396 3584 lO.
419 3555 465 3568 -·
488 3519 521 3583 Si
546 3521 651 3604 aliqua
676 3519 715 3584 de
739 3539 834 3584 eausa
858 3521 986 3604 legatur
1009 3521 1104 3585 Missa
1129 3520 1163 3585 S.
1188 3520 1287 3586 Puden

386 3606 541 3757 ffinffl‘la
574 3616 623 3672 est
646 3628 663 3672 e
687 3607 855 3671 Communi
878 3608 1018 3692 Virginis
1043 3609 1148 3693 primo
1174 3609 1263 3683 loeo,

418 3695 542 3759 tersisti.

344 3778 396 3842 CO.
421 3780 598 3846 —Oratio
631 3781 663 3847 S.
687 3781 877 3847 Bernardini
908 3782 1059 3848 Senensis
1085 3782 1181 3848 debet
1208 3780 1286 3848 oonel

386 3867 505 3932 emitote
528 3869 662 3958 Spiritus
684 3870 792 3947 sancti,
809 3891 872 3936 non
896 3871 933 3934 Io
956 3871 1074 3935 unitate
1098 3871 1245 3957 ejusdem.
1265 3869 1288 3932 S.

390 3953 430 4016 la
454 3955 531 4021 Nor.
557 3957 637 4022 1851
666 3959 698 4021 io
720 3980 783 4022 arro
806 3959 986 4023 Marsorum
1010 3959 1051 4022 ad
1074 3959 1128 4024 49.

343 4039 397 4104 Ol.
421 4078 465 4089 —
487 4042 511 4110 l.
536 4043 570 4111 Si
593 4042 724 4112 Festum
747 4045 779 4112 S.
804 4045 952 4112 Venanlii
974 4047 1124 4134 Martyris
1154 4047 1288 4124 habeat}
