3484 4875
366 466 429 534 268
625 487 844 534 rnaorrrronrs
860 488 890 534 m
906 488 996 535 rssrr
1011 489 1129 537 tantus

387 593 586 671 celebretur,
609 596 670 661 erit
692 594 859 661 Protceisti
881 615 953 662 eum
977 596 1183 663 Orationibus
1204 603 1236 663 ut
1256 598 1282 662 iu
1297 594 1321 662 l'

377 684 447 750 sali
470 683 529 750 hac
551 684 618 769 ipsa
643 684 703 751 die.
733 683 807 749 Vide
829 683 976 750 adnotato
1000 685 1050 751 die
1075 685 1117 751 ll
1141 687 1228 773 huJ'rm
1246 709 1270 751 o.
1288 682 1330 749 lll..

344 769 396 840 ab.
420 808 466 821 -
486 770 629 838 Officium
652 771 683 838 S.
708 772 793 839 Petri
816 772 974 861 Martyris,
998 776 1125 862 quoties
1151 774 1295 842 transferri
1362 803 1368 844 r

389 860 496 945 tigerit
518 871 591 948 post
613 862 833 938 Pentecosten,
857 864 997 949 exceptis
1021 865 1184 950 propriis,
1207 865 1315 930 sumitur

390 949 554 1019 Communi
578 959 665 1015 extra
691 960 813 1036 tempus
846 950 999 1018 Paschale
1030 952 1175 1019 seeundo
1206 954 1278 1019 loco.
1295 950 1322 1015 lli

388 1039 447 1103 erit
464 1037 660 1115 'Loetuhr'tur,
683 1037 850 1105 Orationes
874 1038 989 1106 adsunt
1012 1043 1177 1127 propriae,
1204 1039 1325 1125 beaugeli

388 1126 425 1191 Si
444 1127 512 1213 puis
535 1128 599 1192 uult
621 1128 777 1215 accipitur
794 1148 830 1194 ex
848 1127 943 1195 Missa
959 1129 1143 1195 Sacerdotes
1160 1130 1218 1195 oet
1232 1130 1267 1196 de
1286 1127 1329 1193 eol

389 1213 562 1281 Communi.
580 1216 628 1281 lto
646 1215 767 1282 Misrule
781 1217 867 1283 Rom.
881 1217 1018 1305 typicum
1034 1219 1145 1284 Romoe
1157 1219 1229 1287 edit.
1242 1242 1287 1285 oo.
1301 1218 1313 1281 l

345 1301 397 1367 bt).
420 1340 464 1353 -
486 1303 594 1370 Sancti
618 1304 781 1391 Philippus
805 1316 836 1371 et
858 1305 996 1371 lacobus
1020 1307 1138 1393 Vigilia
1163 1317 1271 1375 carent
1296 1303 1342 1372 ac'

386 1390 486 1476 junio,
509 1394 630 1459 ratione
654 1395 805 1479 temporis
827 1394 1001 1461 Pascbalis.
1065 1431 1075 1453 ·

346 1477 402 1545 Ubi
426 1480 587 1548 Dominica
613 1482 704 1547 tertia
728 1492 800 1569 post
832 1483 954 1549 Pascha
985 1483 1116 1550 Festum
1151 1485 1258 1570 agitur
1285 1482 1312 1549 S.

390 1570 512 1656 phaelis
535 1572 737 1654 Archangeli,
760 1573 793 1637 in
818 1574 910 1638 tertio
927 1572 1089 1639 Nocturno
1107 1573 1274 1640 recitanda
1288 1580 1327 1638 est

388 1658 475 1725 milia
508 1657 541 1724 S.
564 1659 695 1725 loannis
730 1658 946 1749 chrysostomi
973 1662 1051 1727 Cum
1086 1662 1180 1728 uellet
1215 1662 1310 1734 ileum

387 1766 462 1811 vero
485 1748 586 1813 altera
609 1748 641 1815 S.
666 1749 833 1832 Augustini
858 1749 974 1816 Mirum
995 1772 1056 1815 oon
1079 1773 1145 1816 erse
1178 1750 1265 1817 debet
1289 1758 1336 1815 etc.

389 1832 424 1899 lt.
451 1836 482 1901 0.
508 1837 526 1901 5
549 1835 625 1923 Moj.
651 1837 734 1903 1756
758 1837 790 1902 io
813 1838 979 1904 Flosidleo.

345 1918 377 1987 Si
401 1921 529 1990 Festum
553 1925 722 1992 Patrocinii
746 1924 777 1991 S.
802 1926 920 2013 loseph
944 1926 1050 2015 (quod
1076 1929 1108 1993 in
1133 1947 1276 2014 prmsens
1296 1925 1327 1992 ad

389 2019 453 2077 tam
476 2012 650 2080 Ecclesiam
673 2023 837 2081 extensum
869 2024 918 2082 est
940 2016 999 2081 suh
1023 2015 1086 2081 ritu
1112 2015 1235 2103 duplici
1257 2035 1320 2081 sceu

388 2101 510 2179 classis
534 2124 572 2168 ex
594 2104 728 2170 Decrcto
752 2104 844 2169 Urbis
868 2113 900 2169 et
922 2104 1016 2171 Orbis
1040 2104 1102 2170 dici
1129 2106 1173 2171 lll
1197 2104 1309 2191 Septi

389 2189 600 2258 transferatur
621 2200 694 2280 post
716 2193 935 2270 Pentecosten,
959 2213 1069 2258 omnes
1091 2193 1318 2260 Nocturnorum

388 2279 526 2365 tiphonae
550 2282 711 2348 sumendae
733 2290 808 2347 sunt
831 2302 869 2349 cx
892 2281 986 2347 Festo
1004 2281 1044 2347 tt
1061 2282 1168 2347 Martii
1187 2281 1244 2369 (S.
1260 2279 1329 2347 lid.

386 2367 470 2458 Sept.
496 2370 580 2435 1790
605 2371 635 2434 io
650 2371 822 2437 Barchon.
840 2371 882 2436 od
897 2370 953 2458 ll):
977 2391 1013 2437 ac
1037 2372 1068 2435 in
1093 2371 1298 2458 Antiphonis‚

389 2460 526 2535 tatorio,
557 2460 603 2543 p'pi.
636 2469 667 2526 et
695 2461 745 2547 dd.
769 2461 960 2527 omittuntur
982 2459 1130 2545 Attctoja.
1156 2460 1192 2526 ln
1216 2462 1302 2526 llissa

388 2546 523 2634 Allelujo
546 2549 755 2635 supprimitur
777 2550 817 2614 ad
841 2549 1020 2625 lutroitum‚
1045 2548 1251 2615 Olfertorium
1267 2558 1294 2614 et
1306 2545 1353 2645 ⁰⁰.

389 2638 580 2713 munionem,
603 2640 732 2724 iusuper
755 2636 913 2704 Graduale
929 2640 1047 2724 petitur
1064 2657 1100 2703 cx
1119 2638 1215 2704 blissa
1234 2638 1271 2704 le
1287 2635 1322 2700 lla

389 2724 445 2788 sed
470 2737 541 2810 post
565 2728 699 2812 primum
723 2727 750 2809 γ’.
776 2727 936 2793 adduntur
968 2726 1030 2793 duo
1061 2725 1221 2813 Attalum,
1250 2742 1326 2790 secur

390 2810 417 2892 i.
442 2813 502 2879 erit
524 2813 589 2880 For
611 2837 664 2880 cos
686 2817 850 2880 innocuam
875 2826 935 2881 etc:
959 2836 996 2882 ex
1019 2814 1174 2880 hodierna
1200 2810 1330 2879 blissad

393 2899 424 2964 0.
447 2900 489 2965 25
511 2903 594 2991 Sept.
621 2905 704 2970 laub
721 2903 752 2968 r'o
768 2926 829 2968 uno
846 2905 987 2969 editionis
1009 2903 1152 2970 Missulis.
1186 2902 1329 2975 Gredol,

392 2989 574 3066 nonhabet,
591 2993 651 3057 uisi
675 2993 755 3058 forte
780 2991 909 3059 Festum
933 2992 1015 3059 infra
1032 2993 1173 3078 aliquam
1191 2990 1324 3057 Octavam

390 3076 475 3142 cidat
500 3078 596 3144 Credo
619 3090 852 3167 exposcentem.
878 3082 910 3146 Si
935 3082 1012 3158 dies,
1029 3082 1060 3147 in
1078 3100 1175 3165 quam
1193 3072 1331 3146 Patroc''

391 3165 601 3245 transfertur,
633 3179 740 3235 eareat
771 3191 853 3235 nona
884 3171 1033 3236 Lectione
1064 3168 1103 3234 de
1135 3169 1266 3235 homilia
1292 3163 1327 3231 rel

390 3252 483 3320 Festo
507 3257 654 3344 simplici,
679 3268 753 3324 tuuc
776 3259 862 3324 illius
887 3269 997 3326 octava
1020 3258 1128 3324 Lectio
1157 3258 1321 3325 absolvitur

389 3344 485 3409 verba
507 3346 567 3410 Sed
588 3348 705 3434 penitus
728 3358 816 3424 erot,
853 3369 936 3414 nona
970 3367 1045 3412 vero
1080 3346 1250 3413 inchoatur
1278 3365 1294 3411 a

392 3430 588 3521 Quemquam
612 3445 671 3502 ete.
695 3437 791 3502 miror.

1357 3408 1368 3475 i

347 3519 380 3586 Si
404 3520 565 3589 Dedicatio
588 3525 731 3591 Basilice
754 3525 941 3591 Assisiensis
965 3523 996 3589 S.
1022 3524 1056 3588 P.
1080 3523 1117 3590 N.
1143 3516 1298 3590 Francisci
1316 3508 1367 3604 (od.

390 3609 542 3677 lebranda
565 3612 649 3698 apud
672 3634 730 3679 nos
752 3613 916 3680 Dominica
953 3613 1061 3699 quinta
1098 3620 1173 3698 post
1202 3609 1312 3678 Pascha
1328 3592 1367 3677 affl.

389 3696 454 3763 ritu
477 3700 594 3787 duplici
619 3702 756 3789 majori)
780 3711 934 3769 occurret
951 3702 983 3767 in
1007 3700 1100 3765 Festo
1131 3701 1280 3788 primario
1306 3682 1367 3795 (ind

389 3805 464 3850 vero
487 3797 519 3853 et
541 3790 740 3868 secundario,
765 3792 935 3857 dummodo
960 3792 1001 3856 sit
1017 3789 1147 3855 Festum
1164 3785 1367 3872 llcrniuiltltt

390 3872 462 3937 dem
486 3878 577 3954 ritmo,
600 3899 679 3965 cpns
703 3866 764 3947 erit
787 3889 821 3946 ut
846 3879 1078 3954 transferatur,
1108 3879 1182 3964 quia
1205 3864 1366 3944 resonet

390 3964 629 4043 secundarium,
655 3977 764 4056 utpote
787 3968 826 4034 de
850 3968 1053 4035 Dedicatione
1076 3966 1366 4046 haeresiarcam

390 4050 478 4140 priae.
501 4053 610 4122 Recole
632 4057 715 4143 quod
737 4057 923 4126 ostendimur
945 4081 972 4125 e.
995 4058 1015 4123 ἓ
1038 4079 1067 4122 o.
1094 4057 1134 4122 lo
1158 4067 1188 4124 et
1212 4056 1260 4121 ll.
