3484 4875
366 501 430 567 526
521 517 696 566 xxuornnou
712 520 800 565 mrum
816 517 953 564 ocraunu
965 518 1009 565 ss.
1023 519 1112 566 conr.
1126 519 1240 566 cunrsrr

343 624 535 690 Praelatione
564 621 703 689 Octava.
727 624 761 689 si
792 625 824 689 in
854 623 937 688 hano
960 624 1164 690 Dominicam
1188 624 1303 689 Festum
1320 623 1367 687 sin·

344 714 418 798 plex
442 713 612 788 inciderit,
648 713 717 798 ejus
749 714 1048 777 commemorationi
1074 713 1172 779 datur·
1200 713 1281 777 loeus
1308 709 1369 796 (post

345 803 483 866 alteram
506 798 673 886 Octava),
697 801 766 865 sine
790 819 873 864 notra
898 800 966 886 eJ'us
990 801 1146 866 Lectione
1170 800 1209 866 ad
1232 800 1368 864 llatutiouu
1403 811 1409 869 ἰ

347 888 398 972 (S.
424 888 460 954 R.
480 889 511 954 C.
531 889 572 953 lh
595 889 675 973 Aop.
699 888 785 952 {854
808 889 840 951 io
864 886 1012 953 Veronen.
1029 889 1073 953 cd
1097 890 1112 954 l
1118 889 1149 974 );
1173 909 1210 954 ae
1232 886 1366 973 proindeir

345 977 441 1040 lllissa
460 978 553 1041 tertia
572 975 681 1041 Oratio
706 976 902 1061 adjungitur,
920 996 1033 1062 nempe
1052 978 1091 1041 de
1115 978 1186 1061 ipso
1203 974 1330 1059 Simplici.
1340 971 1366 1038 ll
1398 981 1409 1049 [j

343 1063 486 1128 Primam
510 1072 576 1128 tres
602 1072 725 1128 tanturn
743 1064 861 1128 Psalmi
879 1066 1067 1139 recitantur,
1085 1074 1121 1130 ut
1138 1066 1171 1128 in
1188 1063 1292 1128 Festis.
1309 1060 1365 1125 llutr.
1395 1086 1407 1145 4

346 1153 390 1215 rc.
417 1153 457 1214 55
481 1174 511 1215 n.
540 1152 571 1215 2.
601 1151 634 1215 Si
658 1151 750 1215 Feria
773 1150 914 1216 secunda
943 1153 1126 1236 insequenti
1151 1151 1275 1217 Festum
1295 1148 1366 1233 duplu
1398 1173 1404 1220 ς’

345 1242 459 1324 primae
483 1247 538 1303 aut
561 1238 710 1303 secundae
735 1240 848 1304 classis
873 1237 966 1304 luerit
992 1240 1245 1315 celebrandum,
1266 1240 1293 1302 in
1309 1234 1366 1319 huju
1395 1239 1401 1252 '¹

345 1327 459 1411 primis
475 1326 625 1411 Vesperis
642 1327 721 1392 nihil
737 1326 772 1391 lit
797 1327 836 1392 de
859 1326 1035 1402 flaminica,
1053 1338 1226 1413 propterea
1249 1324 1365 1411 quodipn
1405 1336 1409 1342 “

345 1415 378 1478 in
403 1416 627 1488 concurrentia
663 1435 726 1479 non
751 1415 889 1498 gaudeat
912 1416 1081 1499 priuilegio
1117 1415 1245 1480 Octava
1267 1410 1365 1496 Corporis
1397 1421 1399 1425 ‘

346 1501 475 1567 Christi.
500 1502 640 1566 Pittonns
663 1502 705 1565 od
728 1502 807 1566 hunc
830 1501 1036 1567 Douricicom.
1063 1503 1097 1568 Si
1121 1523 1197 1569 vero
1222 1505 1250 1566 in
1272 1502 1317 1565 hac
1332 1497 1364 1561 llo·

346 1590 464 1654 miniea
488 1598 639 1654 occurrat
661 1589 792 1654 Festum
816 1589 954 1675 duplex,
980 1593 1049 1675 ejus
1073 1590 1221 1655 Officium
1245 1588 1365 1674 peragitur,
1396 1635 1399 1647 .

345 1676 384 1740 de
401 1677 565 1741 [lominica
583 1686 690 1742 autem
708 1677 903 1763 subjicienda
922 1687 971 1741 est
989 1699 1071 1742 nona
1096 1679 1205 1743 Lectio
1223 1677 1259 1742 de
1274 1672 1366 1742 homilit

343 1784 483 1827 necnon
501 1767 764 1829 commemoratio
789 1768 876 1850 (ante
893 1766 1028 1830 alteram
1046 1764 1187 1851 Octava)
1213 1767 1241 1829 in
1258 1759 1371 1828 haurlilus-
1397 1759 1409 1842 ᾗ

345 1858 378 1914 et
400 1851 495 1914 lllissa
520 1871 591 1915 cum
616 1853 789 1935 Evangelio
813 1852 957 1937 ejusdem
974 1853 1151 1918 Dominicae
1174 1854 1205 1917 in
1229 1850 1370 1916 liuellissa.
1400 1920 1409 1927 ,

344 1940 385 2003 ΑΙ
410 1939 463 2001 ubi
489 1936 606 2003 Octava
630 1940 686 2004 SS.
712 1941 862 2025 Corporis
887 1940 1004 2005 Christi
1028 1961 1064 2005 ex
1091 1941 1255 2026 privilegio
1276 1936 1348 2003 admit
1396 1952 1409 2005 ὲ

344 2024 510 2090 dumtaxat
533 2027 628 2091 Festa
652 2028 791 2113 duplicia
810 2028 922 2113 primae
946 2029 1071 2103 classis,
1090 2030 1139 2093 vel
1161 2030 1254 2092 etiam
1270 2018 1370 2091 seruate
1400 2030 1409 2116 l

344 2114 470 2187 classis,
494 2114 659 2179 [lominica
684 2116 752 2180 haec
776 2116 889 2180 codam
913 2117 1034 2199 pariter
1059 2117 1226 2201 privilegio
1249 2112 1346 2198 gaudet.
1373 2191 1376 2198 Ι

414 2202 444 2267 9.
471 2201 562 2267 Feria
588 2211 703 2287 quarta
727 2211 801 2289 post
824 2202 955 2267 Festum
980 2202 1036 2267 SS.
1073 2204 1224 2288 Corporis
1248 2193 1376 2265 Christiir'

347 2289 576 2376 llartyrologio
594 2292 698 2375 primo
716 2291 787 2357 loeo
804 2290 922 2374 legitur
942 2290 1068 2365 Octauo,
1085 2293 1112 2354 si
1131 2311 1203 2355 cras
1220 2278 1370 2355 Oldciunlt
1397 2287 1405 2366 ’ξ

345 2396 383 2442 ea
407 2377 603 2451 celebratum
622 2397 714 2442 secus
730 2378 849 2461 legitur
865 2378 1006 2443 secundo
1028 2379 1109 2444 loeo.
1129 2379 1204 2444 llies
1221 2379 1321 2444 Octava
1337 2366 1370 2469 sl:
1398 2366 1409 2398 '³

347 2464 499 2551 Corporis
531 2466 649 2530 Christi
674 2474 826 2549 utrasque
854 2465 951 2530 habet
977 2466 1137 2552 Vesperas
1170 2469 1317 2550 integras,
1335 2473 1370 2522 nn

348 2562 522 2618 concurrat
546 2574 618 2618 cum
635 2553 730 2617 Festo
755 2552 874 2637 duplici
904 2555 1015 2638 primae
1040 2562 1096 2619 aut
1119 2545 1370 2619 secundaealassu
1404 2631 1406 2636 ,

347 2660 410 2724 quo
427 2641 459 2706 in
477 2661 554 2705 casu
569 2640 719 2724 Vespero
737 2650 831 2705 erunt
856 2641 895 2705 de
918 2641 1012 2705 Festo
1030 2661 1103 2706 cum
1128 2644 1198 2708 sola
1219 2642 1277 2706 diei
1290 2637 1374 2703 deuo
1405 2714 1407 2718 μ

343 2729 663 2801 commemoratione;
681 2748 752 2811 quae
769 2728 898 2812 quidem
922 2729 954 2792 in
979 2729 1260 2815 primisVesperis
1281 2722 1375 2817 sonitu
1407 2792 1408 2796 ,

343 2818 517 2900 exprimis
542 2816 690 2901 Vesperis
715 2815 812 2891 Festi,
838 2816 868 2880 in
893 2816 1043 2881 secundis
1068 2825 1177 2883 autem
1201 2839 1238 2882 ex
1261 2807 1373 2881 secundo

341 2902 439 2968 Rubr.
465 2904 510 2968 tit.
536 2904 573 2967 ll
601 2925 631 2966 n.
657 2904 687 2966 7.
713 2902 851 2968 Rursum
877 2902 945 2968 haec
981 2905 1050 2968 dies
1074 2904 1196 2970 Octava
1228 2912 1274 2970 est
1298 2897 1374 2983 nuptu

341 2990 459 3067 minus,
483 2992 516 3055 in
540 3011 640 3074 eaque
664 2989 835 3055 adhibetur
859 2991 949 3054 color
973 2992 1076 3058 alhus.
1096 2992 1211 3059 Omnia
1236 2989 1374 3079 persolrur

343 3086 397 3142 tur
421 3086 455 3142 ut
479 3079 523 3143 ihi
547 3087 578 3142 et
602 3079 634 3142 in
658 3077 763 3142 Festo.
789 3078 823 3142 Si
846 3078 979 3143 Festum
1002 3080 1125 3145 incidat
1149 3083 1292 3167 simplex,
1311 3075 1376 3140 deo

343 3167 607 3231 commemoratio
631 3166 738 3248 agitur
760 3166 882 3250 absque
906 3187 990 3232 nona
1015 3168 1085 3253 ejus
1110 3168 1271 3234 Lectione.
1287 3159 1377 3230 lotar

342 3254 501 3338 tyrologio
526 3255 631 3339 primo
655 3254 725 3317 loco
749 3252 868 3336 legitur
891 3253 1019 3318 Festum
1044 3257 1099 3321 SS.
1127 3256 1237 3321 Coralis
1259 3244 1377 3320 ‚luuh

341 3340 455 3405 eundae
477 3341 627 3425 Vespera
658 3341 793 3423 integrae
825 3341 1003 3406 recitantur
1028 3343 1067 3406 de
1099 3345 1172 3429 ipsa
1205 3344 1256 3408 die
1279 3341 1378 3428 (lotant

342 3427 411 3491 sine
435 3429 741 3492 commemoratione
765 3429 929 3512 sequentis
953 3428 1040 3493 Festi
1064 3429 1122 3496 SS.
1148 3431 1262 3497 Cordis
1283 3430 1380 3499 lesu!

341 3515 437 3579 modo
462 3515 523 3580 hoc
546 3515 677 3579 Festum
694 3516 825 3580 minime
842 3516 1025 3580 celebretur
1050 3519 1110 3582 suh
1136 3520 1201 3584 ritu
1219 3503 1381 3603 duplicipr'r

341 3619 404 3663 mre
428 3612 483 3667 aut
507 3602 656 3666 secundae
681 3603 817 3675 elassis;
840 3602 991 3686 Vespera
1015 3605 1102 3669 enim
1127 3613 1205 3671 tunc
1230 3606 1268 3670 de
1289 3605 1338 3667 isto
1353 3592 1380 3658 lu

341 3695 438 3762 rent,
474 3691 593 3754 omissa
624 3691 930 3754 commemoratione
955 3691 1016 3754 diei
1041 3690 1183 3758 Octavae.
1208 3691 1311 3757 Recole
1328 3683 1381 3750 didi

343 3790 369 3835 c.
387 3772 406 3836 6
424 3797 454 3838 a.
472 3776 502 3839 8.
521 3776 593 3840 Dies
617 3775 737 3842 Octava
761 3775 817 3841 SS.
835 3776 986 3861 Corporis
1003 3776 1121 3859 Chrjsti
1150 3780 1309 3846 dumtaxat
1327 3765 1381 3838 call

341 3857 445 3924 Festis
480 3864 628 3928 omnihus
658 3863 902 3928 occurrentibus
934 3884 1005 3949 quae
1038 3863 1181 3950 duplicia
1218 3869 1280 3932 sint
1305 3861 1380 3948 priss1¹

342 3945 468 4025 classis,
485 3948 582 4014 etiem
608 3950 660 4014 uhi
683 3951 859 4036 privilegiis
884 3971 974 4036 aeque
998 3951 1175 4020 decoratur
1191 3949 1379 4041 arqueoum
