3484 4875
338 479 402 546 dub
571 502 791 549 nnuorrrroues
807 504 836 548 ut
852 502 945 548 rnsm
962 499 1143 548 ouccunrus

359 615 471 673 uentus
494 628 524 672 u.
549 608 568 674 b
593 616 624 673 et
647 608 697 673 die
722 610 760 674 tt
784 608 878 696 hujus
907 630 938 674 n.
964 608 1005 673 u.
1033 608 1134 672 btissa
1165 605 1234 670 item
1255 601 1324 684 legitur
1358 604 1391 693 tt⁴

360 695 399 759 ue
421 696 513 761 rena
531 716 606 762 eum
630 698 650 762 a
674 681 824 763 braurone
847 698 885 763 ue
909 697 1042 783 vigilia,
1066 696 1086 760 a
1111 694 1192 760 neu
1213 690 1285 779 quta
1309 688 1327 753 t.
1359 702 1362 749 r

358 783 401 850 tt.
425 784 458 849 V.
475 795 573 862 utera,
598 794 630 850 et
651 787 683 851 iu
707 786 768 852 fine
791 806 863 852 cum
888 786 1067 871 Evangelio
1094 804 1158 850 non
1181 775 1328 866 Vrguent
1360 798 1391 838 ur

360 871 393 937 S.
416 872 546 939 toannis
570 874 606 939 Iu
626 875 780 963 principia
803 884 863 941 etc.
888 876 919 941 S.
944 874 982 939 R.
1004 873 1038 939 C.
1066 873 1109 939 dd
1134 870 1224 936 Febr.
1245 866 1329 934 ttttt
1369 903 1391 912 -

359 983 422 1025 aaa
449 962 521 1027 Ord.
549 962 787 1029 carmelitarum
816 963 858 1029 ad
887 964 918 1029 d.
942 962 1087 1028 Demum
1118 961 1213 1025 unica
1240 964 1329 1029 tantm,
1363 975 1391 1037 {tf

362 1051 485 1115 scilieet
508 1052 546 1116 de
570 1051 672 1127 Feria,
688 1051 783 1119 Missa
806 1051 1035 1118 Conventnalis
1054 1044 1330 1129 celebraturum
1365 1065 1391 1107 t:

362 1139 445 1223 parad
460 1140 708 1205 arrimadoersum
724 1151 767 1206 est
782 1143 837 1207 sub
853 1141 902 1205 die
918 1140 961 1206 bb
975 1138 1155 1205 Februarii
1168 1161 1198 1202 u.
1214 1134 1273 1202 ΧΗ.
1367 1154 1391 1196 ἵε

406 1226 458 1293 ut.
485 1228 517 1293 Si
542 1230 720 1313 contigerit,
745 1237 780 1295 ut
795 1231 826 1296 in
843 1230 957 1313 Vigilia
976 1227 1007 1293 S.
1022 1228 1162 1293 Thamar
1186 1225 1275 1313 (extra
1292 1220 1335 1300 (tu
1369 1242 1391 1283 a

363 1323 436 1380 tuor
459 1316 628 1403 Tempora)
652 1318 781 1383 Festum
805 1318 933 1405 aliquod
971 1326 1092 1401 agatur
1117 1316 1236 1402 duplex
1264 1312 1298 1375 ret
1313 1328 1338 1373 tr
1370 1316 1391 1373 'b

364 1405 524 1491 midnplcx
548 1407 643 1471 etiam
667 1408 881 1483 translatum,
905 1406 1000 1491 hujus
1026 1405 1180 1471 Officium
1204 1410 1250 1467 est
1267 1398 1340 1485 persd
1385 1401 1391 1461 j

363 1493 498 1559 vendam
523 1516 594 1561 cum
619 1496 921 1561 commemoratione
951 1495 1068 1569 Feriee,
1094 1515 1134 1559 ac
1159 1494 1192 1558 io
1215 1511 1249 1555 eo
1269 1490 1297 1553 de
1317 1485 1342 1548 u

363 1583 438 1664 gilio
461 1583 539 1649 nihil
562 1584 607 1648 fit.
631 1586 672 1649 At
695 1585 726 1647 in
749 1585 843 1650 Missa
860 1584 881 1649 2
899 1582 1010 1649 Oratio
1035 1583 1101 1648 erit
1125 1582 1168 1646 de
1191 1572 1342 1648 adventat
1374 1599 1391 1641 a

363 1670 402 1733 de
426 1670 539 1755 Vigilia
563 1692 634 1737 eum
667 1672 759 1738 isttus
776 1672 946 1757 Evangelio
970 1673 1003 1737 in
1020 1671 1109 1747 fine,
1135 1666 1295 1736 dummodo
1311 1662 1342 1728 te·
1374 1688 1381 1728 t

363 1766 448 1822 stum
472 1758 550 1824 iltud
567 1781 628 1825 non
646 1761 686 1824 sit
702 1761 819 1847 duplex
841 1763 954 1848 primae
972 1761 1105 1834 classis;
1126 1768 1197 1824 tum
1214 1757 1312 1841 quippe
1325 1770 1344 1816 rt
1375 1775 1389 1818 r

362 1845 395 1910 in
420 1846 512 1912 Missa
536 1848 663 1933 quidem
694 1852 775 1915 ratio
799 1851 864 1915 ulla
895 1848 1020 1933 Vigiliae
1052 1847 1142 1913 foret
1172 1841 1346 1912 habendatt

365 1944 476 2000 contra
500 1936 554 2001 ubi
576 1937 670 2001 Missa
702 1937 825 2023 vigilie
855 1938 1203 2004 commemorationem
1232 1931 1346 2025 admittat

363 2022 468 2089 locum
487 2045 611 2110 quoque
626 2026 771 2092 obtinent
786 2028 868 2092 binae
885 2027 989 2091 Missae
1007 2024 1255 2091 conventuales.
1272 2018 1346 2085 tum

363 2112 502 2199 exposite
525 2116 580 2179 sab
603 2113 652 2178 die
675 2114 717 2179 bb
741 2115 833 2181 Febr.
857 2138 887 2180 u.
911 2114 948 2180 X.
973 2114 1032 2180 Ubi
1057 2133 1160 2200 porro
1185 2113 1218 2177 in
1242 2107 1347 2193 Vigilim

362 2199 395 2264 S.
413 2200 542 2268 Thomae
566 2203 671 2290 (extra
689 2201 830 2281 Qubtucr
846 2201 1021 2288 Tempora)
1045 2222 1155 2288 neque
1179 2198 1302 2272 incidat,
1319 2213 1349 2259 ut·
1383 2218 1386 2281 ξ

363 2308 423 2374 que
447 2310 576 2357 neeesse
599 2293 640 2357 sit
663 2299 699 2355 ut
721 2301 896 2378 reponatur
912 2291 1043 2357 Festum
1061 2289 1178 2376 aliqud
1202 2288 1305 2373 duplex
1321 2278 1349 2380 ut
1385 2308 1391 2349 r

364 2379 571 2464 semiduplex,
589 2378 732 2445 Officium
748 2389 797 2446 est
813 2381 852 2447 de
868 2380 960 2446 Feria
976 2380 1158 2457 Adventus,
1176 2379 1208 2444 in
1232 2396 1287 2464 quo
1300 2366 1350 2437 niti

365 2467 403 2531 de
426 2468 538 2552 Vigilia
562 2470 676 2552 agitur.
701 2468 795 2535 Missa
823 2479 929 2536 tamen
953 2470 1075 2554 legitur
1109 2469 1152 2534 de
1178 2467 1286 2552 Vigilia
1304 2476 1350 2526 auu

363 2555 548 2623 udratione
565 2557 603 2621 de
620 2557 721 2630 Ferte,
741 2559 759 2621 3
777 2559 858 2623 Drus
874 2559 928 2645 qai
943 2557 980 2622 de
998 2557 1034 2622 B.
1053 2557 1110 2623 tt.-
1124 2556 1162 2622 tf.
1180 2566 1276 2621 utero.
1290 2544 1351 2629 uod

362 2644 389 2708 si
413 2645 506 2710 hodie
530 2655 678 2711 occurrat
707 2645 799 2710 Furia
822 2645 984 2721 secunda,
1017 2654 1089 2710 tum
1123 2665 1202 2711 vcro
1234 2637 1351 2708 turae

362 2741 411 2884 plst
434 2733 589 2798 Fidetiam
613 2756 670 2820 pro
694 2732 867 2811 Defunctis,
893 2736 910 2800 5
936 2734 974 2799 de
1000 2734 1107 2810 Feria,
1142 2733 1262 2799 omissa
1282 2730 1351 2794 attera

385 2822 458 2884 eu.
483 2823 522 2886 u.
547 2823 581 2887 V.

345 2915 348 2921 '
407 2909 456 2973 lV.
481 2909 513 2973 Si
538 2909 630 2974 hodie
647 2911 688 2974 sit
704 2909 877 2976 Sabbatum
896 2931 933 2976 ac
955 2910 993 2976 de
1017 2911 1075 2976 illo
1101 2908 1251 2976 Officium
1272 2905 1352 2972 recite-

363 3005 424 3070 tur,
451 2998 488 3061 ad
513 2998 635 3063 Laudes
659 3007 690 3062 et
713 3019 769 3083 per
791 3000 893 3065 Horas
918 2999 1061 3064 dicendae
1087 3009 1167 3064 sunt
1200 2996 1354 3082 Antiphone

360 3084 488 3151 feriales
512 3085 610 3150 Furiae
634 3087 780 3152 seeundo.
811 3096 884 3172 post
915 3086 1117 3152 Dourinicam
1155 3096 1299 3173 quartam
1318 3077 1357 3145 dd·

360 3185 472 3239 vontus
496 3195 568 3240 cum
590 3174 771 3259 Antiphone
787 3175 985 3263 Farpeetetur,
1004 3176 1138 3260 quando
1157 3179 1191 3240 io
1215 3174 1301 3240 Feria
1320 3168 1357 3233 uta
1389 3240 1391 3255 Ι

360 3264 498 3328 secunda
515 3264 680 3348 reponitur
696 3263 824 3329 Festum
847 3265 880 3329 S.
898 3262 1028 3328 ummo
1046 3284 1064 3328 a
1083 3264 1253 3330 Itomiuiea
1274 3264 1359 3347 quarta
1389 3262 1391 3293 ¹

361 3351 694 3419 trarrstatun1.tteeote
725 3352 806 3435 quaed
837 3351 1028 3417 advertimus
1051 3355 1111 3418 surb
1136 3355 1190 3419 die
1222 3353 1262 3417 tt
1288 3373 1313 3414 u.
1331 3342 1359 3411 b.

361 3441 419 3506 Ubi
443 3451 547 3507 autem
565 3441 692 3505 Festum
709 3438 740 3503 S.
759 3439 888 3505 Thomae
904 3440 1020 3504 oolittu·
1045 3441 1113 3506 ritu
1132 3442 1255 3529 duplici
1276 3438 1361 3525 prirm

361 3531 483 3605 elassis,
507 3537 583 3616 puta
606 3529 679 3611 quia
702 3526 852 3593 Titularis
877 3535 925 3592 est
948 3528 997 3593 vol
1028 3527 1216 3606 PatronuS,
1240 3525 1362 3614 quouiau

360 3615 404 3680 ibi
428 3639 490 3682 non
515 3615 715 3690 transfertur,
737 3614 855 3681 ibidem
881 3622 954 3681 sunt
977 3614 1075 3681 bodie
1105 3618 1283 3684 recitandae
1298 3609 1362 3679 tot-

361 3705 474 3788 phone
498 3706 536 3770 de
552 3704 711 3769 Laudibus
727 3701 898 3768 Domioieec
921 3711 1045 3788 quartae
1071 3705 1227 3792 (omissis
1242 3694 1362 3785 Attetupt

361 3812 433 3857 oum
458 3793 635 3878 Antiphone
651 3791 847 3877 Expectata,
865 3812 901 3855 ae
918 3795 949 3855 iu
967 3793 1119 3876 proriinra
1139 3795 1233 3861 Feria
1251 3785 1364 3859 secunda

360 3878 410 3957 (si
435 3880 561 3962 quidem
585 3880 677 3967 hujus
701 3877 843 3943 Officium
868 3877 1003 3964 agatur)
1020 3882 1224 3967 Antiphonae
1248 3876 1365 3967 ejusden

360 3965 478 4037 Feriam
503 3976 568 4032 tum
591 3969 664 4052 quia
688 3965 813 4030 Octava
828 3966 889 4031 boo
913 3975 1059 4052 tempore
1086 3991 1155 4035 non
1175 3971 1365 4038 celebrantur.

362 4064 429 4120 turn
452 4054 547 4120 etiam
569 4056 642 4141 quia
666 4054 802 4120 Rubrica
831 4054 975 4141 praecipu
1000 4064 1037 4120 ut
1061 4055 1214 4128 Sabbata
1245 4059 1367 4125 dicantur
