3484 4875
643 617 861 733 CAPUT
903 618 966 732 ll.

557 855 596 902 uu
619 857 772 908 latitantis
795 858 897 909 rusats
920 858 1059 909 Locuuutl

693 998 912 1019 m

306 1308 311 1319 .
335 1222 363 1285 4.
376 1152 561 1286 primaria
585 1219 678 1286 Festa
695 1220 855 1294 locorum
871 1229 946 1287 sunt
963 1222 1058 1292 Festa
1074 1220 1291 1291 llelicationls
1302 1234 1341 1321 eq

284 1306 365 1374 44444
387 1308 542 1375 Ecclesiae
564 1329 602 1374 ac
625 1310 768 1382 Petroni,
1278 1347 1280 1352 .

366 1486 432 1551 De
452 1486 738 1558 ”adlectione
759 1487 961 1554 Ecclesiae
982 1490 1028 1554 ln
1049 1490 1146 1571 lpse
1167 1488 1239 1555 dle

627 1579 977 1647 Consecutionis

332 1742 363 1808 4.
386 1743 495 1809 Pridie
519 1743 728 1811 dedicationis
751 1746 905 1812 Ecclesia
928 1745 1129 1812 4444444444
1154 1751 1230 1810 sunt
1252 1744 1339 1828 Vigi-

281 1830 321 1896 lia
340 1829 351 1916 (
367 1849 427 1916 pcr
449 1839 552 1896 totam
577 1833 731 1920 noctem)
755 1844 829 1900 ante
853 1835 1017 1920 Reliquias
1042 1836 1074 1899 in
1097 1834 1200 1898 Alteri
1225 1852 1339 1898 consa·

281 1920 384 1985 44444
408 1919 619 1985 includendas
642 1920 766 2007 (nequit
788 1924 873 1987 enim
897 1923 1021 2009 seiungi
1049 1922 1255 1986 Consecratio
1284 1920 1340 1985 llo·

283 2007 373 2072 444444
397 2026 416 2070 4
440 2007 689 2073 Consecratione
711 2010 844 2074 Altaris.
862 2010 894 2074 S.
915 2010 948 2075 R.
976 2010 1008 2075 0.
1025 2009 1069 2074 84
1092 2009 1169 2095 Muj.
1196 2008 1284 2073 4844
1306 2009 1339 2073 iu

282 2115 330 2158 444
355 2094 508 2181 Oppidcc.
533 2105 563 2159 44
587 2097 628 2161 ld
651 2096 732 2183 Aup.
759 2099 846 2164 4854
869 2101 902 2161 44
923 2097 1070 2164 Ferulae.
1088 2094 1116 2183 )‚
1147 2104 1179 2161 ct
1203 2096 1340 2162 canendi

283 2180 336 2265 (seu
359 2180 528 2267 recitandi)
552 2192 627 2247 sunt
649 2183 816 2263 Nocturni,
840 2186 1004 2251 Matutine
1021 2184 1156 2259 Laudes,
1174 2184 1291 2271 Hymni
1308 2192 1341 2249 et

285 2270 396 2335 Cantica
430 2269 469 2334 de
498 2270 666 2336 Communi
695 2270 889 2339 Sanctorum
913 2292 1051 2358 quorum
1075 2281 1150 2336 sunt
1174 2272 1340 2357 Reliquiae,

286 2376 341 2423 cum
363 2356 516 2422 Oratione
539 2359 578 2423 de
602 2358 770 2424 Communi
794 2363 863 2425 sine
887 2362 1014 2425 nomine
1047 2379 1209 2445 expresso,
1238 2378 1337 2445 quum

286 2463 333 2511 non
354 2447 418 2511 siut
441 2454 551 2532 partes
575 2445 677 2513 844444
694 2448 766 2513 diei.
784 2449 815 2514 S.
833 2450 870 2515 R.
891 2449 922 2514 C.
940 2449 982 2513 45
999 2447 1077 2535 Mcj.
1104 2448 1191 2512 4855
1208 2448 1240 2510 io
1264 2447 1340 2512 Gru·

288 2533 503 2621 4444444444444,
527 2545 557 2599 44
581 2536 623 2599 44
646 2534 718 2600 444.
746 2537 831 2602 4845
855 2540 888 2600 iu
913 2536 1117 2602 Ccoomuocu.

337 2622 364 2686 5.
387 2619 534 2688 Officium
558 2621 774 2689 dedicationis
798 2624 1014 2689 inchoandum
1038 2643 1101 2688 non
1125 2631 1175 2687 est
1198 2641 1217 2686 a
1242 2621 1338 2686 4444-

289 2710 371 2789 444444
393 2709 498 2795 pridie
522 2709 790 2786 Consecrationis‚
807 2713 862 2776 sed
881 2712 1128 2777 Cortsecratione
1152 2717 1282 2796 peracta
1300 2709 1340 2774 ab

290 2789 351 2861 hora
370 2798 489 2861 minori
513 2796 644 2875 Tertia,
679 2798 823 2885 illudque
853 2799 960 2864 debito
984 2801 1048 2864 ritu
1072 2820 1130 2886 per
1154 2805 1341 2884 sequentem

290 2877 420 2950 84444444
444 2885 706 2971 prosequendum
730 2889 813 2962 erit,
847 2887 904 2951 scd
937 2907 954 2952 a
987 2886 1079 2952 Clero
1105 2888 1272 2954 dumtaxat
1294 2886 1344 2951 illi

292 2964 419 3037 Ecclesia
443 2972 595 3048 addicto,
620 2993 657 3038 eo
681 2975 776 3040 modo
801 2975 856 3059 qui
879 2973 962 3040 44444
985 2996 1017 3041 n.
1043 2976 1082 3039 47
1116 2974 1341 3060 explicabitur.

293 3049 373 3130 Quare
384 3060 535 3146 Vespera
553 3061 655 3147 pridie
671 3061 940 3138 Consecrationis‚
953 3062 1155 3138 Matutinum,
1168 3061 1293 3128 Laudes
1310 3069 1343 3126 et

292 3137 375 3213 Prima
408 3147 690 3215 Consecratiouem
724 3151 944 3239 praecedentes
979 3151 1153 3216 recitandae
1185 3157 1279 3215 errant
1304 3148 1343 3213 de

296 3223 365 3300 laria
385 3237 435 3301 444
460 3236 499 3301 44
523 3236 641 3304 Sancto
665 3247 763 3323 prout
785 3239 940 3305 indictum
965 3237 1114 3304 44444444
1138 3236 1343 3302 Kalendario.

294 3313 362 3388 444.
388 3323 419 3390 0.
446 3324 486 3390 49
511 3324 575 3391 Jut.
609 3326 696 3391 4780
727 3327 760 3390 iu
790 3326 998 3404 Meciliuieu„
1022 3327 1064 3391 45
1096 3327 1174 3412 Moj.
1200 3324 1286 3389 4855
1310 3325 1343 3388 44

297 3401 576 3499 4444444444444444,
602 3414 621 3476 7
645 3413 718 3479 Dec.
745 3414 833 3481 4844
849 3415 881 3478 iu
901 3414 1152 3480 Cenomanorum
1171 3410 1344 3477 (4444444444

293 3493 332 3590 tud
341 3521 366 3564 4.
378 3499 475 3566 4585.
485 3500 602 3566 Verum
616 3503 642 3566 si
657 3501 820 3567 Dedicatio
837 3500 1031 3567 4444444444
1045 3500 1129 3566 diem
1141 3499 1342 3584 impeditam,

293 3595 343 3672 ‚⁰1⁰8
361 3586 504 3652 Officium
529 3588 789 3654 transferendum
812 3599 862 3654 est
886 3589 926 3654 ad
942 3590 1080 3674 primam
1097 3588 1181 3652 diem
1206 3587 1342 3656 liberam

291 3675 541 3749 turrianorum,
566 3682 598 3740 44
613 3675 674 3740 hac
691 3675 741 3740 dic
765 3677 980 3742 inchoandum
1004 3696 1022 3740 a
1045 3675 1158 3762 primis
1180 3674 1343 3759 Vesperis.

292 3758 345 3837 quia
367 3768 441 3827 tunc
465 3762 648 3828 celebratur
670 3763 917 3829 Consecratione
942 3771 1082 3848 peraeta.

339 3849 365 3915 4.
390 3851 582 3935 Priusquam
607 3849 750 3916 Ecclesia
774 3859 1002 3926 consecretur,
1027 3858 1189 3937 nequeunt
1217 3850 1248 3915 in
1273 3849 1343 3935 ipsa

291 3922 373 4002 lltssa
388 3938 557 4014 celebrari,
580 3958 678 4024 quum
695 3948 769 4005 ante
789 3939 1069 4005 Consecrationem
1094 3939 1232 4004 debeant
1255 3938 1343 4003 omni

290 4026 459 4113 supellectili
485 4025 554 4125 ejus
569 4027 692 4101 Altaria
720 4027 874 4121 expoliari
885 4049 892 4102 ;
917 4034 1087 4122 propterea
1105 4027 1158 4095 ubi
1174 4026 1262 4098 nulla
1279 4025 1343 4098 alia
