3484 4875
366 476 409 543 81
608 495 702 541 curor
717 494 758 540 vv.
775 494 814 539 66
830 494 1149 542 nouunuoncrvomaus

342 622 392 668 nc.
417 602 448 666 S.
474 601 511 666 lt.
539 600 634 666 661
662 600 725 665 lot.
752 602 838 666 1855
862 601 894 663 in
917 600 1110 667 Suessionen.
1143 601 1183 667 od
1210 601 1232 665 5.
1249 596 1328 661 lanu
1365 598 1383 676 *a

342 692 370 754 si
392 689 507 773 Vigilia
525 690 704 775 cvvjuspiam
721 688 865 775 Apostoli
885 698 1036 754 occurrat
1051 690 1084 754 in
1101 678 1331 756 testulutum
1374 687 1383 748 l

342 778 505 843 l’ontilieis
529 798 602 842 eum
626 777 779 842 Oratione
802 777 851 842 86
876 798 1073 861 praesumus,
1098 798 1156 863 pro
1179 784 1333 843 commeant·
1369 778 1383 835 ,l

342 867 427 931 tione
452 865 574 949 Vigilirc
598 866 815 940 substituitur,
840 871 962 929 mutato
994 866 1133 942 nomine,
1157 864 1252 932 Oratio
1267 854 1336 941 11818
1376 883 1382 923 ’.

342 953 374 1019 S.
400 954 535 1019 Andreae
560 953 706 1038 Apostoli
730 954 772 1018 88
796 951 994 1017 Novembris.
1020 952 1188 1019 Orationes
1210 968 1282 1038 porro
1300 960 1339 1008 cvr
1377 972 1382 1009 v

277 1116 280 1123 ¹
342 1050 454 1106 soutur
478 1041 620 1117 eaedcm,
646 1062 718 1107 cum
742 1061 800 1127 por
823 1041 896 1105 illas
920 1040 1006 1105 idem
1040 1061 1175 1126 prorsus
1204 1041 1341 1127 petiaco
1382 1074 1383 1077 =

338 1131 410 1195 <lere
426 1129 541 1194 iisdem
558 1130 664 1194 verbis
679 1152 686 1203 ;
704 1150 768 1194 666
785 1148 859 1193 vero
877 1128 1004 1212 quaudo
1022 1130 1194 1214 postulatio
1210 1136 1253 1193 est
1267 1125 1344 1190 tvm

344 1218 489 1303 quamvis
513 1216 610 1281 verlva
634 1237 715 1303 pene
739 1217 845 1281 omnia
869 1218 934 1281 sint
958 1215 1081 1289 eadem,
1109 1227 1146 1282 ut
1162 1217 1194 1281 in
1209 1201 1346 1281 secundad

343 1307 469 1372 ratione
493 1325 552 1390 pro
578 1305 715 1392 llartyro
732 1304 885 1369 Pontifice
902 1311 934 1368 ct
950 1305 1054 1389 prima
1070 1324 1129 1389 pro
1148 1303 1351 1370 Conlessorcnu

343 1394 508 1459 Pontiliee.
537 1393 672 1477 (inpetus
696 1393 746 1457 tio.
773 1394 791 1457 5
816 1413 841 1456 6.
867 1392 888 1455 8
912 1413 940 1477 p.
967 1392 996 1457 7.

417 1482 469 1547 ll.
493 1481 552 1545 Uli
577 1481 708 1546 Festum
741 1479 773 1544 S.
806 1480 893 1544 Petri
926 1479 966 1544 ad
997 1480 1131 1545 Vincula
1160 1481 1211 1546 vel
1233 1473 1359 1545 alterutrivt

335 1568 516 1634 ·Catlvedrac
541 1569 725 1633 celebratur
749 1588 820 1633 ervm
846 1566 976 1642 Octava,
1001 1570 1126 1633 etiamsi
1151 1568 1191 1633 de
1214 1568 1271 1633 hac
1284 1555 1362 1631 66681

347 1658 466 1731 licium,
490 1655 547 1720 scd
564 1656 632 1721 sola
650 1657 704 1721 fiat
722 1657 984 1721 commemoratio
999 1679 1006 1730 ;
1024 1656 1147 1740 agenda
1165 1666 1216 1722 est
1230 1650 1366 1739 singillatim

347 1745 612 1810 commemoratio
636 1743 668 1809 S.
694 1744 796 1819 Pauli,
821 1744 867 1807 uti
892 1745 961 1827 ipsa
987 1744 1038 1809 dic
1062 1744 1170 1817 desti,
1189 1764 1252 1809 nou
1268 1754 1369 1823 veropr

343 1832 475 1917 llutiplv.
500 1831 610 1896 Petrus
634 1832 799 1919 Apostolus
823 1840 854 1896 et
882 1831 1014 1897 Gloriosi
1035 1831 1199 1919 Principes
1223 1842 1317 1897 verre.
1333 1826 1373 1893 1166

344 1920 429 1986 idem
453 1920 575 1984 dictum
598 1930 667 1985 esto
692 1920 730 1984 dc
755 1921 1061 1985 commemoratione
1086 1918 1118 1985 S.
1144 1920 1242 1996 Petri,
1266 1916 1374 1986 ubidou·

344 2009 448 2073 versio
474 2007 506 2072 S.
531 2009 622 2072 Pavvli
646 2008 800 2073 Octavam
823 2008 955 2072 obtinet.
988 2008 1084 2072 thbr.
1116 2008 1219 2096 peccel.
1252 2032 1281 2073 6.
1310 2005 1341 2071 88
1361 2009 1378 2067 tt

346 2098 377 2161 S.
403 2096 440 2162 R.
469 2096 500 2163 C.
525 2097 546 2162 8
569 2098 653 2185 Sept.
680 2097 762 2163 1711
789 2099 821 2160 in
843 2096 963 2183 Apaten.
989 2096 1031 2160 nd
1055 2096 1109 2160 18.

514 2282 580 2347 Do
602 2280 755 2345 ordino
775 2279 1251 2344 Commemorationum

413 2449 465 2515 18.
489 2448 535 2514 ux
559 2448 683 2514 duobus
707 2446 869 2532 impeditis
894 2444 1033 2521 Officiis,
1058 2445 1086 2509 si
1110 2445 1210 2509 simul
1237 2442 1383 2509 occurrant

346 2537 385 2602 do
402 2538 457 2603 illo
475 2539 564 2624 prius
588 2536 851 2601 commemoratio
869 2534 992 2617 agenda
1009 2539 1069 2608 est,
1087 2532 1173 2616 qood
1191 2533 1383 2618 impediment

347 2626 473 2690 secluso
506 2625 645 2711 persolvi
677 2630 861 2709 oporterct;
895 2623 924 2686 si
952 2641 1028 2686 vero
1053 2631 1273 2697 concurrant,
1306 2615 1383 2684 deill

346 2714 460 2798 prius,
485 2713 586 2797 cujus,
611 2713 638 2775 si
662 2710 929 2796 impedimentum
952 2708 1101 2783 abesset,
1125 2709 1341 2774 recitarentur
1357 2701 1383 2766 Vt

347 2819 451 2884 sperae
468 2801 611 2882 integra,
628 2800 679 2864 vel
695 2820 713 2864 a
731 2798 888 2884 Cupitum,
905 2798 956 2861 vel
980 2797 1128 2860 dimidiae.
1152 2795 1251 2862 11686.
1273 2793 1383 2884 peculi

348 2888 389 2950 87
416 2896 445 2951 et
471 2886 503 2952 S.
527 2887 564 2950 R.
593 2887 691 2952 618
720 2887 793 2951 Deo.
820 2886 904 2951 1778
936 2885 968 2948 in
999 2906 1061 2948 uno
1089 2883 1267 2949 6666166.
1304 2884 1383 2949 Obsen

348 2975 390 3038 od
421 2975 439 3038 5
471 2984 500 3039 el
530 2974 571 3038 18
596 2975 673 3061 Apr.
706 2975 790 3039 luna
821 2975 853 3038 in
877 2973 1103 3038 Panormitano
1133 2971 1176 3035 od
1206 2972 1238 3037 8.
1265 2965 1383 3051 Quarei

348 3082 487 3128 occursu
509 3061 561 3126 hic
585 3062 664 3127 ordo
696 3063 877 3128 servabitur
900 3063 933 3127 in
957 3059 1165 3146 sequentibus
1190 3073 1383 3126 commemor

347 3151 499 3227 tionibus,
523 3151 550 3214 si
574 3149 653 3215 diras
677 3151 727 3215 vel
751 3151 859 3234 plures
884 3169 922 3214 ex
945 3150 984 3214 iis
1007 3149 1118 3235 peragi
1143 3168 1226 3232 opus
1252 3150 1317 3214 sit:
1339 3142 1383 3210 vid

347 3241 424 3306 licet
448 3246 581 3323 agatur:
606 3237 632 3304 1.
656 3239 700 3302 86
732 3238 898 3303 Dominica
928 3237 1139 3324 privilegiata.
1165 3234 1205 3300 11.
1232 3236 1278 3301 86
1312 3227 1383 3300 die(

349 3338 441 3395 ctava
464 3327 636 3394 communi.
660 3327 714 3392 lll.
738 3326 783 3390 86
807 3325 926 3390 Sancto
950 3326 1031 3389 ritus
1056 3324 1194 3408 duplicis
1219 3324 1383 3409 majorisv

349 3417 483 3483 minoris
500 3436 538 3480 ex
562 3435 606 3491 sc,
624 3436 661 3481 ac
685 3434 742 3501 per
765 3413 913 3478 accidens
938 3413 1102 3497 simplicis.
1122 3411 1172 3474 lV.
1191 3411 1238 3476 86
1262 3408 1383 3476 Domini

349 3526 408 3588 per
439 3525 570 3571 annum.
595 3504 630 3567 V.
656 3503 701 3568 86
733 3501 784 3566 die
815 3500 899 3566 inira
930 3500 1083 3566 Octavam
1115 3499 1269 3583 Corporis
1299 3498 1383 3565 Christ

349 3592 401 3655 Vl.
419 3593 464 3656 86
487 3592 582 3657 Festo
606 3589 808 3674 semiduplici
832 3610 869 3656 ex
892 3609 937 3664 se,
970 3607 1007 3652 ac
1028 3606 1085 3672 per
1109 3587 1261 3652 accidens
1278 3583 1383 3669 simplic

350 3677 417 3743 Vll.
448 3678 494 3743 86
527 3679 577 3744 die
607 3677 690 3744 inlra
722 3675 876 3742 Octavam
907 3694 1119 3741 communem.
1150 3673 1232 3739 Vlll.
1258 3674 1304 3739 86
1333 3671 1383 3737 llcr

348 3763 624 3850 Quadragesimae,
648 3765 824 3839 Adventus,
847 3763 991 3843 Quatuov
1014 3762 1219 3846 Temporum,
1237 3761 1383 3844 Vigiliaru

352 3860 385 3918 et
406 3851 508 3918 Feriae
531 3853 680 3918 secundae
705 3852 928 3936 Rogatianum.
953 3850 1006 3915 lll.
1025 3850 1069 3914 86
1092 3849 1188 3914 Festo
1212 3849 1348 3934 simplici
1361 3861 1383 3928 pt

353 3961 398 4006 sc.
422 3939 519 4006 uuor.
540 3941 643 4026 perol.
667 3963 698 4004 6.
716 3941 768 4007 88.
793 3939 842 4006 Ad
865 3957 1057 4026 coneursum
1080 3957 1156 4002 vero
1180 3936 1266 4022 qtvod
1289 3938 1380 4021 specta

354 4047 427 4105 curn
457 4029 490 4098 in
525 4027 666 4114 aliquam
695 4047 734 4095 cx
763 4027 867 4095 tribus
903 4025 1113 4112 privilegiatis
1144 4023 1316 4090 Dominicis
1345 4021 1383 4084 aul
