3484 4875
355 475 417 543 590
597 488 818 536 nouorarroncs
832 488 863 534 m
879 488 970 535 rnsru
987 488 1131 536 ocrooms

378 601 498 689 Spiritu
520 608 642 674 sancto,
665 596 722 663 scd
743 598 771 663 A
787 598 905 663 conctis
921 605 982 663 cte.
998 596 1031 663 S.
1049 597 1087 664 u.
1100 597 1137 665 c.
1152 596 1188 663 tl
1201 592 1326 680 Joullltn
1355 599 1384 651 ἓ·

375 694 407 755 io
428 710 491 755 uuo
517 686 589 754 ord.
609 687 853 774 Copuccioorcm
868 686 910 750 od
926 686 956 750 l.
975 685 1010 751 ln
1028 685 1170 753 Ecclesia
1182 684 1328 766 nihilominus,
1357 698 1385 750 tu

378 778 504 846 Sanctis
537 776 683 841 omnibus
716 774 820 840 dicata
854 774 1017 860 peculiare
1052 793 1162 842 eorum
1193 771 1332 857 Sutrium:
1377 776 1385 839 l

379 868 571 955 proteritur,
593 884 634 930 ne
657 864 706 929 his
730 864 769 929 de
792 862 869 950 ipsis
894 864 948 928 liat
972 864 1005 929 in
1028 864 1141 930 cadem
1163 862 1246 929 Officii
1262 866 1332 947 paru·

380 956 474 1021 Rubr.
495 953 595 1043 pecul.
619 975 649 1018 u.
673 952 737 1017 tls
769 963 798 1017 et
832 951 1046 1018 devolitat
1078 974 1103 1018 c.
1129 953 1169 1017 53
1197 950 1254 1017 dl
1275 945 1325 1013 cl
1381 955 1385 1017 l

383 1043 472 1123 Quod
497 1042 623 1127 quidem
646 1040 857 1125 Sullragium
882 1040 1009 1123 quando
1033 1041 1138 1107 eidem
1168 1042 1246 1106 locus
1262 1036 1328 1108 alal.
1361 1047 1385 1102 ι’

378 1133 543 1286 {illidi
573 1128 913 1303 lll‘iitisliwi
932 1128 1333 1284 iill'odlffidoi'

377 1334 408 1374 ιι.
432 1241 506 1374 uui.
530 1305 659 1374 Atteode
681 1308 774 1372 etiem
794 1305 880 1393 quod
902 1304 1099 1371 declaratum
1122 1317 1166 1372 est
1186 1306 1235 1371 sub
1259 1299 1322 1369 diei
1363 1337 1371 1365 ι

379 1398 450 1462 doc.
473 1419 503 1462 o.
527 1395 563 1461 ll
582 1404 610 1459 et
632 1416 713 1480 seqq.
1332 1427 1335 1432 ·
1371 1426 1373 1446 2

424 1485 477 1550 lll.
502 1483 580 1549 Cum
603 1480 745 1549 Officium
762 1483 883 1568 vigiliae
906 1482 1045 1570 persolvi
1069 1504 1150 1570 opus
1173 1492 1229 1558 est,
1245 1502 1275 1547 eo
1297 1505 1319 1536 u
1375 1488 1378 1493 ’

379 1594 481 1659 neque
504 1580 663 1647 occurrat,
686 1592 787 1658 neque
810 1572 1027 1657 reponendum
1052 1574 1095 1639 sit
1117 1572 1242 1639 Festum
1260 1570 1325 1635 alo<
1369 1599 1379 1659 ,ι

381 1681 493 1727 novem
527 1660 729 1736 Lectionum,
769 1660 848 1726 illud
882 1660 1044 1727 ordinabis
1087 1662 1135 1727 uti
1175 1661 1239 1726 heri
1265 1651 1333 1722 ιιι’
1380 1690 1385 1702 n

379 1770 453 1815 mus
475 1770 506 1815 n.
534 1748 572 1813 ll.
605 1749 639 1813 Si
662 1769 757 1835 porro
780 1748 874 1813 hodie
897 1749 992 1815 luerit
1018 1749 1124 1835 priam
1147 1748 1227 1815 inira
1383 1781 1385 1785 ·

381 1839 538 1923 diesque
560 1844 674 1919 agatur
696 1836 840 1903 Officium
863 1836 983 1914 feriale,
1000 1839 1031 1902 in
1056 1837 1208 1904 llcclesiis
1380 1849 1385 1902 t

382 1926 466 1992 libus
489 1932 548 1991 etc.
572 1922 654 1991 bine
677 1925 879 1992 celebrantur
901 1927 1003 1992 llissae
1026 1924 1265 2000 conventuales,
1286 1922 1335 1987 alt
1384 1939 1385 1997 ι

382 2015 504 2081 scilicet
527 2014 565 2079 dc
589 2013 706 2100 Requie
734 2023 807 2100 post
829 2015 969 2081 Primam
997 2016 1047 2080 vel
1078 2014 1203 2082 Laudes
1230 2010 1328 2081 lleluu
1372 2037 1385 2100 u

383 2123 476 2179 rum,
501 2104 602 2169 altera
627 2101 665 2169 de
687 2102 800 2187 Vigilia
823 2113 896 2190 post
918 2104 1050 2171 Nouam.
1075 2103 1111 2169 ln
1135 2122 1264 2170 occursu
1283 2118 1311 2165 au
1326 2127 1332 2152 ÷
1375 2132 1385 2172 ι

383 2192 505 2277 Vigiliae
554 2192 639 2258 Festi
663 2192 837 2277 simplicis,
860 2193 909 2258 rel
932 2191 1031 2259 Feriae
1059 2213 1132 2279 quae
1155 2192 1246 2258 llissa
1264 2211 1281 2277 p
1301 2214 1333 2243 *o
1377 2240 1385 2255 .

382 2281 522 2367 potiatur
580 2282 709 2346 minime
739 2280 874 2346 hahetur
897 2283 978 2347 ratio
1001 2281 1106 2347 Missae
1128 2280 1318 2361 Dominlcep
1378 2288 1380 2296 ⁴

385 2369 537 2446 cedentia,
560 2370 702 2456 qruamvis
726 2370 860 2435 necdum
884 2371 1016 2435 recitata
1040 2370 1093 2448 sit,
1118 2391 1220 2458 neque
1234 2366 1301 2434 inira
1322 2368 1340 2418 t,
1379 2413 1382 2426 ι

383 2457 574 2525 hdcmadam
598 2461 703 2524 locum
726 2458 877 2525 obtineat.
902 2459 1039 2524 Robrica
1063 2461 1150 2526 enim
1175 2460 1237 2546 (tit.
1259 2448 1351 2523 tol
1384 2488 1385 2494 ι

384 2549 471 2612 illam
490 2547 653 2613 dumtaxat
668 2547 813 2632 praecipit
829 2548 1050 2614 resumendam
1067 2556 1134 2614 tum
1151 2569 1222 2615 cum
1233 2545 1284 2612 diei
1297 2568 1355 2600 ιιι

384 2635 499 2711 delicit,
524 2636 791 2721 quemadmodum
813 2637 1028 2703 consideranti
1050 2645 1155 2723 patet,
1180 2645 1267 2723 atque
1285 2652 1299 2718 p
1317 2652 1351 2684 ιι
1382 2675 1383 2682 ι

386 2727 563 2790 communis
586 2724 763 2788 confirmat.

434 2812 484 2877 lV.
508 2813 542 2878 Si
564 2812 658 2877 hodie
681 2812 797 2878 alicubi
821 2812 948 2880 Festum
980 2813 1178 2880 celebratum
1213 2815 1251 2880 sit
1278 2807 1344 2874 dus«
1382 2854 1383 2858 =

389 2901 536 2968 secundae
560 2902 693 2976 classis,
729 2900 768 2966 dc
802 2902 870 2988 ipso
898 2905 929 2969 in
953 2903 1066 2990 primis
1090 2902 1239 2990 Vesperis

386 2991 575 3057 Sanctorum
601 3011 662 3054 non
686 2997 735 3054 est
758 2991 930 3057 omittenda
955 2993 1230 3058 commemoratio.
1251 2983 1321 3056 Η

384 3081 425 3145 ‘25
439 3078 511 3146 ltro.
525 3078 609 3145 1756
623 3078 653 3142 io
668 3077 831 3144 Eiosidleo.
849 3078 891 3144 od
907 3082 958 3146 15.
980 3080 1091 3166 Confer
1108 3102 1229 3168 quoque
1243 3101 1266 3146 c.
1280 3075 1295 3142 i
1307 3066 1364 3136 ti

747 3430 991 3498 Ausculum

590 3621 620 3667 ΙΝ
642 3620 799 3666 conuulsis
822 3622 858 3666 ΕΤ
881 3621 983 3667 reulus
1007 3623 1152 3669 octennis

407 3801 436 3864 l.
460 3801 494 3867 ln
518 3801 691 3868 Bominicis
713 3800 860 3866 Octobris
886 3800 986 3888 (juxta
1003 3811 1191 3889 computum
1209 3790 1358 3870 Ecclesiasli

341 3907 425 3964 cum,
448 3890 532 3975 quod
556 3891 751 3956 declaratum
775 3898 824 3954 cst
847 3890 878 3954 iu
903 3889 1232 3959 animadversionibus
1262 3889 1295 3954 de
1311 3892 1359 3950 tm

342 3996 420 4064 pore
442 3997 459 4042 a
484 3977 670 4044 Pentecoste
693 3977 733 4042 ad
756 3976 934 4043 Adventum
959 3997 988 4043 n.
1013 3976 1052 4061 l)
1076 3973 1195 4048 adila
1237 3960 1362 4070 ificotltti

343 4086 401 4154 pro
430 4064 583 4154 cujusque
616 4066 788 4132 dominicae
822 4064 1154 4156 commemoratione)
1213 4070 1361 4136 icootoru
