3484 4875
744 598 985 667 ANNOTANDA

448 804 479 850 tn
494 804 651 850 nohtntcss
668 805 703 850 ΕΤ
719 806 822 851 sentus
838 802 1076 860 SEPTUAGDSIMAE,
1095 804 1293 853 SEXAGESIMAE

712 936 748 981 nt
779 936 1024 989 Quluohncnstnrn

407 1147 436 1211 i.
460 1144 495 1210 ln
519 1144 658 1211 Sabbato
683 1150 755 1208 ante
779 1142 1053 1230 septuagesimam
1077 1144 1202 1229 legitur
1232 1147 1246 1211 t
1282 1142 1364 1211 loco

340 1233 566 1322 hlartyrologio
590 1230 751 1297 Dominico
775 1232 1017 1320 Septucpesintce
1040 1239 1102 1299 etc.
1128 1232 1162 1299 Si
1198 1233 1323 1301 Festum
1346 1257 1353 1288 a

341 1323 424 1409 quod
450 1323 565 1408 duplex
589 1321 769 1387 celebretur
792 1320 852 1385 hoo
876 1320 1026 1396 Sabbato,
1044 1322 1074 1386 in
1093 1320 1163 1409 ejus
1182 1323 1327 1390 secundis
1347 1326 1358 1352 ‘²

341 1413 443 1499 speris
468 1412 501 1477 fit
526 1410 786 1476 commemoratio
810 1408 981 1475 Dominicae
999 1408 1255 1496 septuagesimae
1272 1432 1345 1499 per·

343 1501 505 1588 tiphonem
529 1499 616 1564 Dixit
640 1498 789 1563 Dominus
813 1498 854 1562 od
877 1498 989 1573 Adam,
1014 1498 1042 1580 pi.
1065 1498 1251 1588 Vespertiac
1274 1497 1345 1567 acD
1368 1547 1369 1552 η

342 1591 461 1654 tionem
484 1589 656 1674 propriam.
681 1587 727 1653 nd
752 1586 973 1653 Benediecmate
996 1586 1128 1653 Domino
1154 1587 1288 1676 duplum
1314 1608 1327 1653 a

343 1688 396 1743 tur
418 1677 553 1764 Alleluia
586 1684 617 1740 et
640 1676 788 1741 similiter
819 1677 859 1742 ad
888 1676 949 1740 Deo
980 1680 1098 1761 pretias
1123 1676 1172 1765 (ἢ,
1199 1699 1237 1744 ac
1260 1678 1346 1744 deine

342 1776 495 1852 perpetuo
520 1766 677 1830 omittitur
701 1785 800 1850 usque
825 1765 865 1830 ad
889 1762 1064 1830 Sabbatum
1092 1775 1254 1844 sanctum,
1277 1766 1342 1852 eju

343 1857 413 1919 loeo
439 1856 470 1920 in
494 1854 649 1940 principio
673 1853 825 1920 horarum
848 1854 1077 1940 pronunciatur
1100 1854 1187 1921 Laus
1213 1854 1318 1922 tibiDo

344 1952 404 2008 etc.
424 1942 455 2008 Si
474 1952 579 2008 autem
596 1941 726 2007 Festum
750 1950 864 2027 agatur
887 1941 1095 2029 semiduplex,
1114 1966 1133 2009 a
1156 1941 1298 2031 Capitulo
1311 1942 1352 2007 it
1387 2000 1390 2019 ,

343 2031 505 2097 Domiuiea
530 2031 779 2117 Septuagesimae
796 2039 830 2096 ut
847 2030 901 2106 ibi,
918 2049 989 2097 cum
1007 2035 1331 2116 commemoratiouep
1382 2026 1390 2084 f

345 2122 495 2197 cedentis,
520 2121 669 2185 dicuutur
697 2118 870 2205 Suffragia,
895 2128 927 2185 et
958 2119 997 2186 ad
1020 2119 1250 2188 Deoedteomus
1277 2115 1353 2188 D'o'

345 2211 476 2296 duplum
493 2210 629 2295 Atteiujo
646 2217 705 2275 etc.
723 2208 905 2295 adjungitur
921 2217 956 2275 ut
973 2230 1079 2295 supra,
1098 2210 1138 2275 ad
1159 2208 1312 2298 Completo
1324 2234 1336 2256 2
1379 2215 1386 2270 Ξ

344 2321 418 2365 vero
442 2319 564 2386 preces.
590 2298 622 2363 Si
646 2307 794 2363 occurrat
818 2298 885 2363 dies
910 2298 1045 2384 septima
1068 2297 1153 2364 inira
1177 2298 1323 2370 Octavam
1348 2300 1349 2305 ’
1379 2341 1390 2350 -

346 2388 438 2455 trodie
462 2388 500 2454 de
529 2408 563 2454 ea
596 2396 702 2454 actum
726 2388 767 2453 sit
790 2384 956 2465 Officium,
981 2388 1050 2453 vide
1083 2408 1154 2474 quae
1187 2385 1332 2457 adnotat
1382 2405 1390 2416 ·

345 2480 404 2545 suh
430 2478 472 2543 ih
494 2478 679 2543 Decembris
703 2497 733 2542 n.
758 2475 796 2543 ΙΙ.
1336 2481 1339 2516 '-
1385 2479 1390 2489 “

409 2569 441 2632 h.
465 2566 509 2631 De
532 2567 706 2632 Dominicis
729 2562 997 2652 septuagesima,
1021 2564 1236 2650 Sexagesimae
1258 2571 1286 2631 et
1339 2646 1340 2650 Ἰ

345 2657 538 2743 quagesimae
561 2654 613 2741 (**)
637 2675 765 2740 semper
786 2662 913 2740 oportet
930 2656 1039 2740 peragi
1056 2652 1214 2733 Officium,
1231 2676 1265 2721 ac
1279 2671 1336 2740 pr.

404 2961 437 3036 (Ἴ
459 2962 553 3034 Quum
576 2969 689 3039 tempus
711 2961 788 3040 quod
811 2982 826 3022 a
848 2961 1063 3041 septuagesima
1086 2961 1121 3022 ad
1146 2962 1252 3024 Pascha
1267 2960 1307 3020 in
1348 3007 1351 3012 a

348 3049 404 3112 tur,
424 3043 461 3100 sit
482 3040 606 3100 tristitiae
624 3049 652 3100 et
674 3044 816 3110 moeroris,
838 3046 905 3120 quia
928 3061 1031 3122 nempe
1060 3043 1218 3103 humanum
1250 3054 1323 3118 genus
1337 3064 1346 3090 z

345 3129 520 3183 monstratur
542 3120 721 3182 debilitatum
744 3140 776 3181 ae
799 3141 888 3200 prope
910 3122 1080 3198 depressum
1102 3122 1140 3183 ob
1162 3123 1232 3184 Adae
1253 3137 1345 3200 pecco?

345 3203 427 3282 cujus
449 3200 481 3260 fit
504 3201 608 3260 mentio
631 3203 658 3262 in
681 3202 915 3278 septuagesima3
938 3203 1066 3278 Attetaju
1088 3218 1157 3262 vero
1179 3201 1216 3262 sit
1230 3218 1281 3262 rex
1298 3198 1351 3268 ha,
1387 3252 1390 3259 .

345 3290 373 3343 ot
395 3279 502 3361 gaudii,
524 3281 630 3343 idcirco
652 3283 704 3342 hnc
727 3283 959 3358 praetermittitur
983 3285 1049 3362 quia
1075 3282 1161 3360 piane
1187 3300 1242 3343 nou
1269 3297 1360 3345 cort*
1388 3302 1390 3307 ⁴

344 3361 500 3442 seponitur
522 3369 616 3422 autem
638 3361 777 3438 nttetoja,
798 3361 842 3422 his
867 3359 937 3421 tttut
968 3361 1096 3423 iterando
1125 3361 1161 3421 ad
1192 3361 1317 3442 majorem
1339 3389 1357 3439 ‘..
1388 3426 1390 3437 ⁴

345 3441 458 3520 phasim
480 3441 708 3519 exprimendam.
733 3443 802 3500 Vide
825 3442 986 3501 Tetomum.
1350 3438 1353 3443 ’
1389 3452 1390 3462 ’

405 3519 456 3601 (*')
471 3525 510 3580 Ex
526 3521 619 3583 tribus
631 3520 799 3592 Dominicis,
810 3539 875 3599 quae
891 3520 1054 3581 immediate
1070 3521 1339 3599 Quadragesimamp
1360 3525 1367 3562 ‘-

346 3600 460 3670 eedunt,
482 3599 562 3677 prior
584 3610 701 3662 vocatur
723 3603 955 3678 Septuopesimu‚
977 3601 1066 3660 altera
1081 3603 1280 3680 Secopesimc,
1298 3614 1326 3678 pt
1342 3613 1345 3639 ¹

348 3694 393 3739 tna
417 3682 670 3760 Quinquepesime
692 3699 743 3758 pro
767 3681 848 3740 vario
878 3700 957 3740 more
987 3681 1062 3758 apud
1085 3689 1198 3741 veteres
1228 3675 1371 3758 aggredi

348 3760 475 3819 solemne
494 3760 636 3839 jejunium
670 3770 733 3820 aitte
757 3761 874 3819 Pascha.
900 3785 911 3813 ‹
938 3766 1029 3822 Porro
1061 3761 1131 3820 ittud
1153 3761 1221 3821 oiim
1245 3760 1360 3820 inchoa

348 3837 396 3899 atii
418 3848 482 3898 arete
511 3841 616 3900 Pascha
646 3841 751 3900 diebus
781 3841 992 3918 quadraginta3
1013 3840 1059 3899 atii
1089 3859 1158 3900 vero
1187 3833 1371 3920 quinquagiatti

347 3918 397 3979 atii
418 3924 512 3978 autem
530 3919 700 3996 sexaginta3
722 3919 770 3981 alii
793 3921 921 3997 denique
943 3921 1121 3998 septuaginta
1149 3920 1253 3982 diehus
1273 3926 1325 3979 ante
1340 3912 1372 3970 h·

348 3998 426 4069 seha,
447 4015 500 4074 pro
522 3999 657 4059 varietate
680 3999 885 4060 intermittendi
908 4003 1068 4078 perfeetum
1087 4000 1242 4080 jejunium.
1263 3997 1372 4061 tantm

348 4096 413 4142 cum
436 4077 595 4152 uerutum,
617 4079 644 4139 in
665 4098 721 4158 qua
743 4079 933 4142 inchoabatur
955 4081 1090 4141 solemnis
1113 4081 1280 4143 abstinentia
1293 4075 1371 4136 diere!
