3484 4875
369 489 432 558 ltu
619 510 713 557 curor
730 509 796 556 um.
814 509 852 554 or
868 508 965 556 urssrs
981 510 1147 559 aonrrmus
1252 477 1264 496 ⁸

401 624 468 690 oe
500 625 635 691 mussa
663 626 875 691 urtuuarus
906 626 974 690 ver
1006 627 1193 694 arueras
1219 627 1350 697 senar
1381 665 1385 672 -
1422 611 1438 676 ι’.

508 718 635 801 euJus
657 718 858 783 Officium
879 717 1113 785 transferri
1133 722 1265 787 debet
1376 752 1389 814 -'.
1427 760 1429 820 3

410 867 440 932 5.
464 865 498 931 Si
523 865 690 933 transferri
715 869 886 952 contigerit
909 868 1039 936 Festum
1063 871 1221 937 'titularis
1244 871 1395 946 Ecclesia,

343 954 394 1019 vel
418 954 505 1019 aliud
537 955 577 1019 ad
601 955 686 1040 quod
710 957 938 1022 celebrandum
970 959 1074 1023 soleat
1105 957 1269 1045 frequens·
1284 960 1391 1045 populu

344 1041 516 1115 confluere,
534 1052 639 1126 potest
658 1043 702 1107 ibi
726 1044 793 1129 ejus
811 1046 882 1109 cani
906 1044 1000 1110 lllissa
1025 1044 1224 1131 (dummodo
1247 1048 1338 1113 simul
1352 1065 1393 1111 non

341 1127 559 1196 transferatur
582 1131 780 1196 solemnitas,
809 1131 946 1217 (lugetur
969 1131 1060 1197 aad
1085 1155 1113 1198 c.
1137 1134 1158 1198 a
1184 1156 1217 1219 q.
1242 1134 1304 1221 ⁷),
1324 1134 1350 1200 si
1365 1141 1394 1197 ta
1433 1153 1436 1209 f

344 1236 417 1281 men
442 1217 537 1281 llissa
561 1217 786 1282 Conventualis
811 1217 850 1282 de
875 1219 936 1294 die,
956 1220 1008 1284 ubi
1025 1220 1118 1285 adest
1134 1222 1294 1305 obligatio
1310 1220 1397 1297 Claud,

343 1324 407 1369 uon
432 1306 610 1379 omittatur;
635 1325 672 1370 ac
697 1314 852 1388 praeterea
877 1307 905 1370 si
929 1306 1107 1390 excipiatur
1124 1307 1297 1376 [lominica
1317 1308 1396 1395 prim
1435 1348 1438 1388 ;

343 1392 518 1468 Adventus,
543 1392 635 1457 Furia
658 1392 699 1455 lV
724 1392 890 1469 Cinaram,
914 1394 1081 1460 [lominica
1105 1396 1216 1481 prima
1240 1395 1398 1480 Quadragi-

344 1480 449 1556 simae,
476 1480 639 1546 llominica
665 1481 849 1546 Palinurum
873 1501 947 1546 com
972 1490 1037 1546 tota
1063 1483 1181 1568 majori
1205 1482 1400 1558 Hebdomada,

343 1566 510 1632 Dominica
541 1569 672 1633 Paschae
696 1577 727 1633 et
751 1569 957 1634 Pentecostes
986 1590 1060 1634 cum
1091 1570 1222 1637 duobus
1246 1572 1356 1638 diebus
1375 1587 1399 1634 a·

345 1662 495 1739 tramque
518 1656 770 1741 insequentibus
788 1655 857 1721 dies
880 1656 1062 1721 Natiuitatis
1078 1657 1223 1734 llomini,
1239 1656 1399 1746 Epiphania
1436 1699 1438 1739 3

345 1748 377 1807 et
400 1743 627 1817 Aseeusiouis,
650 1764 687 1808 ac
712 1744 841 1809 Festum
865 1742 922 1809 SS.
948 1744 1098 1830 Corporis
1124 1744 1273 1823 Christi,
1294 1748 1401 1812 Asson·
1437 1755 1438 1758 ’

344 1828 464 1913 ptionis
488 1829 521 1892 B.
546 1830 586 1895 bl.
611 1830 665 1906 V.,
687 1831 869 1896 Natiuitatis
893 1830 925 1896 S.
950 1831 1083 1897 loannis
1106 1833 1214 1918 bapt,
1239 1833 1290 1900 Ss.
1313 1833 1402 1917 auu

344 1915 433 1984 Petri
457 1924 489 1981 et
513 1917 613 1993 Pauli,
637 1917 785 1984 Omnium
809 1917 1013 1995 Sanctorum,
1037 1919 1260 1986 Dedicationis
1285 1922 1317 1987 et
1336 1920 1401 1984 'litae

345 2004 424 2069 laris
448 2006 586 2089 propriae
610 2005 761 2071 Ecclesiae
784 2025 822 2070 ac
844 2007 976 2072 Patroni
997 2008 1187 2094 principalis
1203 2009 1293 2086 Loci,
1310 2007 1401 2093 quinat

346 2111 420 2156 cum
437 2091 525 2156 bisce
541 2092 652 2158 diebus
669 2114 733 2159 non
750 2093 845 2159 modo
862 2094 969 2170 Missa,
986 2095 1042 2159 sed
1060 2104 1093 2161 et
1108 2097 1256 2164 Collecta
1270 2117 1326 2164 seu
1341 2112 1401 2162 eoa

344 2181 535 2246 memoratio
559 2180 598 2246 de
622 2181 716 2246 llesto
741 2182 796 2246 illo
822 2180 1048 2247 transferendo
1063 2186 1160 2249 vetita
1186 2186 1243 2251 sit
1264 2181 1401 2252 abacta

346 2266 365 2334 6
390 2278 419 2333 et
441 2269 473 2334 S.
498 2268 534 2333 R.
562 2268 593 2335 C.
619 2269 661 2333 la
691 2268 785 2334 Mart.
821 2270 906 2335 {856
931 2273 962 2334 t'o
988 2270 1124 2349 Latrone,
1150 2272 1194 2337 25
1220 2274 1307 2361 Sept.
1338 2266 1401 2338 llll

344 2355 377 2420 iu
399 2356 548 2421 Malloea.
573 2357 615 2420 od
639 2356 680 2422 lt
704 2378 741 2421 or
774 2357 814 2422 ld
847 2358 926 2445 Apa.
961 2358 1047 2424 1855
1077 2360 1109 2423 lu
1138 2380 1205 2425 uua
1241 2361 1317 2427 urat.
1345 2356 1401 2426 Mla

348 2444 470 2510 Obsoro.
495 2445 537 2510 od
561 2446 600 2510 ta
626 2455 654 2510 et
677 2446 730 2511 aa.
756 2444 833 2523 Quae
857 2445 988 2531 quidem
1012 2449 1282 2516 commemoratio
1314 2447 1403 2515 diebu

345 2533 442 2598 ctiam
466 2533 582 2618 quibus
606 2533 701 2598 llissa
724 2534 780 2598 illa
802 2534 1011 2618 permittitur,
1035 2535 1245 2602 interdicitur
1267 2539 1302 2602 in
1321 2531 1404 2601 ltisut

344 2621 489 2705 reliquie,
513 2630 684 2706 propterea
702 2621 787 2706 quod
804 2620 951 2688 Urbanus
967 2621 1039 2687 Vlll
1056 2622 1089 2688 in
1111 2625 1335 2708 recognitione
1349 2621 1402 2687 lue

345 2708 423 2773 salis
447 2727 518 2772 eam
543 2729 559 2772 e
583 2709 731 2774 llubricis
755 2710 933 2774 sustulerit.
1118 2716 1121 2723 “

411 2793 442 2858 a.
466 2794 603 2859 Praelata
627 2797 723 2862 Missa
749 2797 787 2861 de
811 2795 918 2873 Festo,
942 2796 1027 2882 quod
1042 2797 1289 2876 transferatur,
1313 2812 1402 2864 aanor

346 2879 386 2945 da
410 2887 459 2944 est
482 2889 555 2965 post
577 2882 711 2960 Nonam,
736 2891 769 2950 et
792 2884 927 2950 dicenda
951 2905 987 2949 eo
1012 2905 1147 2970 prorsus
1172 2886 1272 2953 modo
1288 2906 1326 2952 aa
1341 2880 1403 2950 sida

344 2969 401 3032 illo
415 2965 561 3034 Officium
577 2970 681 3045 fieret;
699 2979 916 3058 praeterquam
939 2973 1024 3057 quod
1042 2973 1074 3037 in
1088 2973 1247 3050 Ecclesia,
1263 2975 1318 3041 ubi
1334 2970 1405 3038 aaut

343 3055 497 3138 obligatio
515 3055 621 3132 Chori,
645 3058 820 3145 (quorriam
835 3060 880 3124 ibi
897 3061 992 3125 lllissa
1010 3059 1241 3126 conventualis
1259 3061 1300 3126 de
1316 3056 1404 3129 odiu

344 3142 406 3208 diei
423 3146 526 3210 omitti
546 3147 664 3229 nequit,
682 3149 728 3211 uti
745 3167 844 3230 snpra
861 3147 1169 3233 animadvertimus)
1187 3149 1282 3214 iilam
1298 3146 1405 3234 operta

344 3232 501 3299 celebrari
526 3253 599 3298 cum
624 3235 716 3299 unica
740 3231 903 3308 Oratione,
925 3242 958 3299 et
974 3234 1006 3300 in
1023 3234 1083 3299 tine
1101 3253 1175 3300 cum
1193 3228 1405 3319 llvangefiod¹

343 3320 475 3388 loannis
497 3322 534 3386 lu
554 3321 728 3409 prluroipio:
752 3329 786 3386 at
808 3322 840 3388 in
858 3321 1002 3386 Ecclesia
1030 3322 1084 3387 ubi
1102 3342 1206 3407 neque
1224 3314 1405 3408 vigescunt

343 3408 519 3494 obligatio,
544 3429 646 3494 neque
670 3410 733 3474 alia
758 3410 883 3475 canitur
907 3409 1002 3474 llissa
1028 3409 1066 3474 de
1091 3408 1164 3484 die,
1189 3403 1407 3481 aduentant

342 3497 447 3562 Missae
463 3497 502 3563 de
519 3497 613 3562 l'csto
631 3495 854 3562 transferendo
871 3497 1133 3562 commemoratio
1150 3495 1255 3562 Officii
1273 3497 1336 3562 diei
1349 3506 1406 3561 cad

345 3584 417 3647 aliis
439 3586 472 3650 in
496 3587 565 3671 ipso
590 3584 845 3660 occurrentibus,
862 3604 920 3650 nee
937 3604 1001 3649 non
1019 3583 1190 3648 dicendum
1216 3581 1406 3669 Euangeliou

344 3669 517 3736 Dominicao
541 3673 572 3736 in
598 3672 673 3745 fine,
699 3671 726 3736 si
750 3670 818 3736 dies
841 3671 1008 3736 [lominica
1030 3671 1174 3744 incidat;
1200 3679 1299 3757 prout
1323 3681 1406 3754 nuper

345 3755 378 3821 S.
402 3755 439 3821 ll.
463 3758 495 3823 G.
521 3758 696 3824 declaravit
718 3759 751 3822 in
775 3778 852 3825 casu
877 3758 996 3835 simili,
1018 3778 1135 3842 *nempe
1168 3756 1207 3822 de
1239 3759 1338 3824 lllissa
1365 3752 1404 3819 de·

345 3843 504 3910 cantanda
527 3846 559 3909 in
583 3845 747 3911 Dominica
771 3844 854 3911 infra
886 3844 1038 3912 Octavam
1070 3844 1203 3910 Patroni
1234 3838 1403 3930 principalia
1436 3898 1438 3905 .

344 3931 432 4006 Loci,
456 3931 489 3996 in
513 3951 607 4016 quam
632 3952 670 3997 ex
693 3932 820 3997 lndulto
841 3933 1027 4019 Apostolico
1051 3932 1183 3996 Patroni
1206 3931 1350 4016 ejusdam
1368 3942 1403 3991 so

345 4017 495 4090 lemnitas
520 4019 723 4088 transfertur.
746 4022 778 4086 S.
794 4020 832 4087 a.
852 4020 884 4088 G.
907 4019 948 4086 l8
970 4018 1061 4086 Febr.
1080 4019 1168 4086 luat
1190 4018 1282 4085 fleur.
1305 4032 1401 4106 genera
