3484 4875
367 460 409 526 bt)
613 476 706 522 caum
722 476 775 520 ru.
793 474 830 519 na
847 473 972 519 osricus
989 473 1152 520 unorurus

343 583 383 649 ad
408 582 633 660 bermdicuuurs
656 583 788 647 domino
802 604 812 654 ,·
837 588 904 644 tum
940 580 1086 645 absolate
1111 581 1164 668 (ut
1182 581 1289 669 supra)
1304 583 1380 668 incipit
1425 641 1431 665 Ξ

342 673 533 737 biatutiuam
570 669 671 736 Officii
708 670 780 735 diei.
817 668 924 733 Prima
959 667 1060 734 Officii
1088 671 1182 755 parvi
1208 670 1382 757 diciturpost

343 760 569 824 benedicemus
593 758 747 834 Dorrriuo,
772 766 943 839 antequam
972 757 1098 840 legatur
1129 758 1382 846 Martyrologiun,
1428 816 1431 822 .

344 869 382 912 ac
405 849 464 912 sub
490 847 583 912 tinem
609 848 769 913 omittitur
791 846 819 928 pi.
843 844 1000 910 Fideb‘ruu
1019 844 1143 910 erriutoe.
1163 845 1306 934 Reliquae
1319 846 1383 911 Hora

344 937 378 1000 B.
404 936 443 1000 bl.
468 936 504 1000 V.
529 935 721 1000 inchoantur
745 934 891 999 absolute
915 932 1048 1019 (nempe
1072 933 1197 1020 absque
1218 931 1385 1020 Accitana)

343 1033 419 1108 post
442 1023 667 1088 berredicauros
690 1022 821 1090 Dornr'uo
846 1022 1005 1086 Horarum
1029 1019 1132 1086 Officii
1165 1022 1252 1097 diei;
1284 1030 1387 1109 etpost

343 1112 529 1178 Orationem
554 1111 760 1195 Completorii
784 1108 989 1195 subjungitur
1020 1108 1192 1175 Benedicat
1215 1119 1245 1176 et
1268 1111 1387 1176 crestodirt

343 1222 398 1265 una
422 1208 482 1264 etc.
508 1199 604 1263 Rubr.
638 1209 708 1262 note
743 1198 886 1283 Officium
916 1218 1051 1285 pereum
1076 1196 1111 1260 B.
1137 1198 1181 1263 M.
1214 1199 1249 1264 V.
1275 1209 1303 1265 et
1322 1200 1348 1265 S.
1366 1198 1390 1264 ii.

348 1289 378 1354 G.
406 1289 423 1352 7
450 1288 534 1374 Sept.
561 1286 648 1350 4850
673 1286 702 1349 in
726 1285 894 1368 Massdr'ea.
921 1284 962 1349 ed
987 1285 1016 1348 i.

410 1377 441 1441 li.
466 1374 634 1460 Ejusmodi
657 1393 791 1459 parvum
816 1371 963 1437 Oiticiuru
988 1373 1099 1457 quovis
1124 1380 1273 1459 tempore
1297 1372 1389 1460 persei

343 1464 482 1530 rendum
506 1464 601 1547 plane
626 1470 675 1526 est
699 1468 794 1548 prout
815 1461 901 1546 jacet
924 1462 957 1526 in
981 1460 1156 1537 Breviario,
1173 1464 1203 1526 si
1221 1463 1276 1528 illa
1295 1470 1390 1527 tantun

344 1554 506 1637 excipias,
539 1570 676 1635 quorum
707 1550 888 1614 immutatio
912 1550 944 1613 in
969 1546 1072 1616 Officii
1101 1549 1249 1634 ejusdem
1274 1550 1391 1616 Rubriois

344 1640 542 1725 praecipitur.
568 1638 783 1716 Quamobrem
808 1657 866 1701 nec
892 1645 1036 1722 tempore
1058 1636 1226 1703 Passionis
1262 1640 1392 1704 omittitur

348 1727 454 1791 Gtorin
478 1725 568 1789 Patri
591 1727 622 1790 iu
639 1726 825 1790 invitatorio
842 1744 880 1789 ae
898 1725 991 1790 tortio
1008 1723 1251 1809 Responsori03
1270 1747 1326 1793 nec
1340 1723 1393 1791 tau·

344 1834 423 1900 pore
448 1812 594 1877 Pascbati
620 1833 772 1878 numerus
796 1812 1052 1898 antiphonarum
1076 1814 1301 1890 imminuitur,
1317 1832 1396 1899 nequa

343 1902 482 1985 atrerup
506 1901 692 1965 invitatorio
710 1910 770 1965 ete.
789 1900 928 1965 additur.
947 1901 1042 1965 Itubr.
1059 1922 1165 1984 peuer.
1184 1902 1232 1967 tit.
1252 1904 1291 1968 57
1308 1926 1336 1968 a.
1348 1901 1394 1967 aa

341 1989 444 2077 pecul.
469 2012 499 2053 u.
523 1988 587 2055 259
612 2011 649 2054 oe
672 1990 703 2053 S.
729 1989 765 2054 a.
793 1989 825 2054 0.
850 1988 893 2053 Ab
910 1988 990 2074 Any.
1010 1988 1146 2071 maara
1165 1987 1393 2056 (radicentur.

594 2181 659 2246 De
680 2180 833 2245 Officio
853 2179 1170 2246 ”adunatorum

362 2292 414 2337 ex
436 2272 731 2339 Rubi-tearum
751 2274 1003 2355 proesertpto
1026 2272 1170 2337 attane
1193 2273 1250 2338 de
1271 2287 1385 2338 eausa

654 2364 698 2428 in
719 2364 862 2430 choro
887 2363 1115 2430 recitanda

410 2534 439 2596 5.
464 2529 610 2596 Officium
636 2529 878 2604 Destructorum
904 2529 986 2594 idest
1001 2531 1153 2615 Vesperaa
1171 2539 1204 2595 et
1221 2532 1397 2597 Nocturnum

342 2619 443 2684 Feriae
468 2619 629 2682 currentis
653 2638 726 2682 cum
749 2617 911 2683 Laudibus
935 2619 998 2682 ritu
1017 2619 1156 2702 simplici
1175 2639 1252 2684 cum
1271 2617 1397 2685 Precibus

343 2716 375 2770 ot
399 2707 502 2770 tribus
527 2704 733 2770 Orationibus
757 2706 847 2770 utin
871 2705 933 2768 fine
956 2706 1122 2781 Breviarii,
1147 2704 1351 2773 recitandum
1364 2708 1399 2769 cst

343 2794 373 2856 iu
400 2793 504 2856 Cboro
529 2790 645 2875 (extra
669 2802 796 2879 tempus
820 2791 1002 2878 Pascbalc)
1026 2813 1065 2858 ex
1087 2792 1309 2861 Rubriearum
1337 2810 1398 2881 pra·

342 2881 464 2963 scripto
490 2881 594 2962 prima
619 2880 773 2965 cujusquo
796 2881 913 2945 biensis
938 2880 1010 2956 die,
1044 2881 1106 2945 nisi
1139 2881 1251 2947 obstet
1277 2881 1400 2948 Officium
1429 2910 1431 2923 ·

343 2988 457 3033 novem
481 2967 687 3040 Lectionum
713 2977 782 3033 tum
805 2969 923 3054 quippe
948 2969 987 3033 ad
1012 2968 1096 3032 diem
1120 2968 1322 3037 transfertur
1341 2984 1399 3057 prr

342 3056 426 3120 xime
461 3057 684 3139 insequentem
718 3058 859 3140 itemque
895 3077 958 3121 uon
990 3056 1187 3142 impeditam.
1214 3059 1252 3123 ln
1278 3059 1400 3124 Adventu

342 3143 550 3209 nibilominus
575 3152 606 3207 et
631 3142 884 3227 Quadragesima
918 3166 980 3209 uon
1014 3146 1212 3229 persolvitur
1243 3149 1347 3232 prima
1366 3142 1399 3208 ta

343 3233 471 3307 biensis,
495 3231 551 3295 sed
576 3229 668 3296 Faria
692 3231 832 3296 secunda
857 3232 1011 3318 cujusque
1035 3231 1255 3299 Hebdomada
1282 3255 1343 3300 nou
1363 3233 1400 3295 iu·

343 3321 472 3405 pedita,
497 3328 532 3384 ut
556 3339 675 3404 supra,
700 3326 832 3404 excepta
857 3321 971 3405 majori
995 3318 1227 3397 Hebdomada,
1278 3343 1335 3388 nec
1356 3335 1400 3384 nou
1424 3340 1431 3347 ·

343 3408 459 3493 Vigilia
482 3408 664 3474 Natiuitatis
689 3407 814 3472 Domini
838 3408 865 3470 si
890 3408 1018 3492 quaruto
1043 3407 1164 3472 incidat
1188 3410 1222 3473 iu
1248 3407 1400 3476 secundae

342 3495 480 3561 Feriam.
505 3497 601 3562 Rubr.
627 3503 698 3558 orate
726 3494 784 3580 Off.
810 3494 878 3579 lies.
906 3506 936 3558 et
962 3496 1097 3582 Gupetus
1114 3494 1166 3560 lio.
1193 3497 1215 3561 4
1240 3519 1267 3563 e.
1286 3499 1327 3562 25
1342 3492 1400 3581 qt.

341 3581 378 3646 Si
402 3603 512 3648 omues
537 3585 605 3648 dies
622 3583 739 3647 biensis
764 3589 796 3645 ct
819 3581 921 3647 Fcrira
939 3582 1089 3647 secundae
1106 3582 1274 3650 Adventus
1297 3595 1328 3650 et
1342 3583 1402 3661 Oua·

344 3669 535 3751 dragesimae
568 3669 785 3755 impediantur
816 3667 938 3733 Oiticiis
963 3690 1078 3734 novem
1101 3670 1315 3748 Lectionum,
1345 3680 1400 3735 tona

344 3755 574 3822 Defunctorum
599 3756 749 3823 ttiiicium
774 3757 945 3822 omittitur.
972 3759 1122 3822 Attamen
1147 3759 1325 3825 sitantum
1351 3757 1400 3822 aas

344 3845 458 3909 ultima
482 3844 598 3908 biensis
622 3845 666 3908 sit
689 3844 814 3918 libera,
846 3845 879 3907 in
908 3865 945 3909 ea
970 3864 1047 3908 sanc
1071 3844 1152 3908 illud
1176 3847 1316 3930 persolvi
1339 3854 1399 3928 opus

345 3932 428 4004 erit,
452 3931 529 3994 iicet
551 3940 682 4015 prestera
707 3931 757 3995 die
782 3951 897 3996 rursus
934 3952 992 4016 pro
1027 3931 1134 3995 blense
1159 3936 1306 4017 sequenti
1335 3930 1399 3994 soret

344 4017 554 4106 repetendum
569 4040 576 4093 ;
594 4038 657 4104 quo
675 4038 750 4083 casu
768 4018 919 4103 Vespere
936 4018 1167 4083 Destructorum
1183 4020 1329 4086 (licentur
1342 4017 1398 4104 pisi
