3484 4875
530 494 625 540 CAPUT
641 495 687 540 lll.
704 495 743 539 un
759 495 886 540 urricus
903 495 940 539 EX
958 495 1183 541 consumuntur
1244 495 1255 506 '
1332 478 1372 545 44

335 597 401 663 enin
421 598 531 665 Sancti
554 599 712 687 ejusmodi
728 602 760 665 in
778 600 911 686 paciliea
928 600 1064 665 existam
1082 621 1120 666 ao
1140 602 1392 669 immemorabili

335 683 417 751 Officii
438 690 664 774 possessione,
690 709 728 753 ea
751 689 898 774 privandi
922 709 986 754 non
1012 697 1109 765 sunt,
1143 690 1204 755 nisi
1237 691 1397 776 probetur

334 778 473 857 possessio
510 778 690 861 illegitima.
729 776 834 843 Coool.
873 787 913 842 to.
944 778 1016 842 ec.
1040 778 1083 843 44
1108 776 1138 842 d.
1165 779 1180 842 l
1208 800 1238 843 a.
1264 780 1281 843 7
1307 790 1337 843 ct
1360 780 1393 844 iu

334 864 414 947 ejutd.
437 876 476 930 to.
502 866 638 952 append.
663 864 730 929 eod.
748 886 774 929 c.
791 864 822 931 d.
841 866 870 929 5.
894 865 951 930 Hic
975 865 1066 950 juvat
1089 865 1258 930 advertere
1282 866 1393 933 Officia

336 970 366 1015 er
384 954 606 1019 consuetudine
629 953 813 1018 introducta
838 960 912 1017 ante
929 954 1055 1019 Bullam
1072 952 1104 1017 S.
1123 954 1171 1018 Pii
1188 954 1214 1018 V
1232 961 1393 1039 utsupra,

336 1056 401 1105 nnnc
421 1043 580 1126 supprimi
603 1041 689 1106 haud
713 1061 810 1126 posse
833 1041 1016 1106 inconsulta
1034 1041 1067 1105 S.
1085 1040 1121 1105 R.
1141 1042 1193 1115 C.;
1218 1044 1292 1128 quia
1316 1041 1391 1109 uffi-

335 1128 372 1191 oia
389 1131 542 1212 permissa
565 1131 635 1195 sine
658 1130 805 1194 clausula
828 1129 868 1193 ad
886 1130 1024 1203 libitum,
1043 1137 1116 1214 post
1133 1131 1389 1215 acceptationem

336 1216 451 1282 eradunt
471 1218 513 1282 de
537 1225 713 1304 praeopto.
741 1216 847 1282 Coool.
873 1228 902 1283 to
938 1218 1008 1283 aa.
1033 1217 1077 1281 44
1101 1216 1131 1281 d.
1156 1218 1177 1281 4
1200 1239 1230 1282 u.
1255 1218 1276 1283 4
1300 1228 1330 1284 ct
1362 1221 1391 1283 5.

342 1300 398 1368 Vide
418 1306 502 1393 iufra
528 1327 555 1371 c.
580 1306 603 1371 4
626 1329 657 1370 u.
684 1305 736 1370 11.

553 1562 561 1570 Ν
632 1483 698 1549 no
718 1482 884 1549 Officiis
904 1480 1075 1548 Votivls

380 1660 410 1725 2.
435 1658 547 1726 Olliria
571 1662 676 1726 votiva
700 1682 756 1725 seu
781 1681 819 1726 ex
843 1661 1011 1726 devotione
1036 1669 1111 1726 suut
1133 1662 1211 1738 illa,
1240 1681 1311 1745 qure
1335 1661 1392 1726 ali·

328 1744 385 1811 cubi
407 1749 509 1813 semel
533 1757 589 1814 aut
612 1750 733 1836 pluries
757 1750 787 1813 in
812 1750 948 1833 singulis
972 1749 1188 1813 llebdomadis
1212 1751 1261 1813 vel
1279 1749 1391 1814 Mensi-

328 1831 374 1898 tus
394 1838 575 1901 recitantur
591 1857 629 1901 ex
644 1838 800 1922 peculiari
818 1837 1004 1923 Apostolico
1022 1837 1201 1922 privilegio.
1219 1838 1312 1921 Apud
1330 1857 1389 1902 nos

329 1922 494 2007 iujusmodi
519 1923 629 1989 Cilicia
652 1935 728 1989 sunt
751 1944 829 2000 sex,
854 1935 886 1988 et
910 1925 970 1989 sub
994 1925 1058 1989 ritn
1084 1925 1287 2009 semiduplici
1314 1945 1389 1989 con·

328 2029 413 2076 essa.
439 2012 463 2076 1.
489 2010 547 2077 SS.
572 2012 724 2097 Corporis
748 2012 866 2077 Christi
892 2013 1035 2096 qualibet
1058 2012 1151 2077 Feria
1183 2014 1294 2097 quinta
1327 2033 1390 2077 non

329 2099 477 2183 mpedita.
503 2099 542 2165 li.
566 2100 785 2165 immaculata
809 2100 1034 2185 Conceptionis
1057 2100 1092 2165 B.
1117 2100 1156 2165 M.
1186 2102 1221 2165 V.
1247 2100 1391 2185 quolibet

328 2185 452 2252 inlibato
477 2189 601 2273 pariter
623 2208 687 2253 non
711 2188 875 2273 impedito.
901 2188 953 2253 111.
988 2188 1161 2253 Sacrorum
1194 2188 1389 2272 Stigmatum

328 2274 343 2337 i.
367 2275 401 2341 P.
427 2275 465 2341 N.
492 2275 657 2341 Francisei
680 2278 784 2362 prima
809 2276 963 2362 cujusque
987 2277 1104 2341 Mensis
1128 2276 1178 2340 die
1202 2296 1265 2339 non
1290 2276 1389 2359 impe-

328 2360 386 2428 lila.
412 2362 466 2428 lV.
491 2361 524 2428 S.
548 2363 660 2429 Matris
683 2364 786 2430 Clarae
809 2366 909 2429 semel
935 2366 1046 2449 quovis
1070 2364 1177 2427 Mense
1201 2364 1308 2447 aliqua
1339 2362 1390 2426 die

328 2470 371 2517 ion
395 2451 564 2538 impedita.
588 2453 624 2518 V.
648 2453 681 2518 S.
706 2455 834 2518 Antonii
858 2454 1003 2518 Patavini
1028 2453 1128 2517 semel
1157 2453 1189 2516 in
1221 2452 1329 2515 llense
1352 2460 1388 2516 ut

329 2556 417 2624 upra.
442 2540 495 2605 Vl.
520 2539 553 2606 S.
578 2541 809 2606 Bonaventurae
833 2541 981 2606 [lectoris
1005 2539 1172 2624 Seraphioi
1188 2538 1288 2603 semel
1310 2539 1388 2603 item

328 2647 341 2692 a
361 2628 474 2694 Mense
498 2635 532 2692 ut
556 2649 666 2715 supra.
691 2629 788 2713 liuor.
812 2629 914 2716 pecul.
932 2653 962 2694 u.
982 2628 1033 2692 55.
1052 2627 1143 2706 Quod
1159 2647 1234 2692 vero
1251 2625 1292 2690 ad
1309 2645 1388 2710 prae·

328 2717 461 2781 itionem
487 2715 603 2782 attinet
625 2725 864 2803 postremorum
889 2726 1027 2803 quatuor
1059 2714 1266 2789 Officiorum,
1298 2712 1385 2778 nulla

329 2802 463 2888 bligatio
488 2814 538 2870 est
561 2806 745 2870 attendendi
770 2806 801 2869 io
826 2806 865 2869 iis
890 2805 1035 2870 ordinem
1068 2804 1242 2888 dignitatis
1268 2801 1387 2867 Nihilo-

328 2893 415 2957 ainus
439 2892 481 2958 ad
505 2891 760 2959 uniformitatem
784 2894 869 2957 inter
891 2914 962 2968 nris,
978 2893 1082 2978 quoad
1100 2892 1168 2977 ejus
1185 2892 1253 2956 lieri
1270 2897 1386 2975 potest,
1417 2935 1423 2940 -

328 2979 512 3056 eruendam,
536 2980 858 3066 praelerripoterunt
883 2982 943 3045 hoc
968 2981 1091 3046 ordine.
1108 2980 1132 3043 l.
1150 2978 1294 3044 Ollioiurn
1314 2976 1385 3042 Sao.
1507 3023 1514 3031 -

333 3069 516 3152 tigmatum.
541 3069 579 3134 11.
612 3069 644 3135 S.
670 3071 911 3134 uonavenrnrae.
945 3068 998 3133 111.
1035 3066 1067 3132 S.
1100 3068 1239 3132 Antonii.
1271 3066 1323 3130 IV.
1353 3064 1385 3128 S.

328 3158 425 3222 lacae:
451 3158 497 3222 ita
522 3165 639 3233 tamen,
664 3166 699 3222 ut
723 3177 812 3242 aeque
837 3158 979 3221 vicissim
1004 3155 1042 3220 de
1068 3156 1216 3220 omnibus
1239 3155 1305 3229 liat,
1323 3173 1386 3218 non

329 3252 417 3310 utem
441 3244 482 3309 de
499 3265 562 3311 uno
579 3247 711 3331 pluries,
730 3245 885 3328 neglectis
902 3245 1028 3310 ceteris.
1047 3243 1261 3329 Ilounpccul.
1279 3266 1309 3306 u.
1333 3241 1385 3305 55.

372 3335 406 3398 5.
432 3331 544 3398 Officia
567 3336 672 3398 votiva
697 3353 850 3398 concessa
877 3354 935 3417 pro
960 3339 1048 3398 certa
1072 3331 1178 3415 aliqua
1202 3331 1313 3403 Faria,
1336 3329 1385 3392 vel

328 3422 408 3486 emel
432 3422 467 3486 in
490 3420 697 3487 Hebdomada
721 3430 776 3486 aut
799 3421 918 3497 Mense,
942 3422 968 3485 si
993 3421 1025 3485 in
1048 3418 1141 3483 Faria
1164 3419 1235 3493 illa,
1260 3414 1385 3480 Hebdo-
1439 3466 1445 3476 ,

328 3509 402 3575 iada
427 3510 477 3574 vel
501 3508 608 3575 ldense
631 3509 857 3595 impediantur,
875 3529 938 3573 non
956 3505 1205 3581 transieruntur,
1222 3503 1279 3570 sed
1296 3523 1386 3589 pror·

328 3618 361 3663 us
385 3598 593 3673 omittuntur,
618 3618 691 3664 cum
714 3618 778 3662 non
802 3599 867 3662 sint
884 3596 994 3663 Ollinia
1019 3595 1057 3660 de
1080 3602 1254 3680 praecepto,
1272 3591 1328 3656 sed
1345 3590 1386 3656 ad

332 3687 448 3763 lritum,
472 3706 510 3751 ac
534 3686 669 3771 proinde
693 3694 849 3771 nequeant
878 3684 1057 3749 transferri.
1081 3685 1113 3748 S.
1138 3682 1174 3746 R.
1201 3682 1233 3746 G.
1253 3682 1293 3746 47
1311 3679 1383 3744 Juo.

329 3774 395 3840 679
420 3777 454 3838 io
476 3796 540 3839 uuo
563 3772 791 3862 Hispaniarum
816 3774 858 3838 od
883 3775 913 3838 l.
938 3771 1089 3851 Quamvis
1120 3789 1216 3855 porro
1248 3771 1314 3834 sint
1345 3766 1386 3832 ad

331 3863 458 3937 bitum,
491 3861 606 3928 Clerici
639 3870 745 3927 tamen
771 3861 864 3947 (sive
888 3861 1067 3926 Saeculares
1092 3860 1158 3923 sive
1182 3853 1385 3941 Regulares)

331 3953 361 4016 ni
386 3950 428 4017 ad
453 3947 550 4016 liores
575 3950 751 4015 Canonicas
775 3949 970 4032 obligantur,
990 3956 1143 4013 'tenentur
1159 3948 1297 4011 recitare
1313 3941 1385 4008 Olli·

328 4041 357 4106 ia
379 4039 498 4116 rolina,
515 4059 554 4105 ex
570 4038 697 4107 indulto
716 4039 901 4124 Apostolico
918 4056 1082 4112 concessa,
1099 4035 1126 4100 si
1140 4034 1233 4119 jussu
1253 4032 1385 4100 Ordina-
