3484 4875
574 495 750 543 nauculam
765 495 796 541 rn
811 494 1062 549 ouannncnsruuu
1268 474 1334 541 2l5

309 608 354 667 rat
378 601 416 668 in
440 599 552 669 t'lliicio
576 602 750 668 Dominicee
774 602 955 668 adhibetur.
980 601 1028 667 nd
1051 601 1192 668 Primam
1216 602 1351 691 hujusce

309 688 371 756 licii
397 691 432 757 in
457 693 564 758 locum
588 691 708 757 Psalmi
728 690 924 778 Confitemioi
945 688 1103 756 sullicitur
1126 690 1274 758 Psalmus
1291 692 1353 757 Do·

309 778 370 845 irus
396 780 539 866 repperit
561 800 663 865 usque
686 778 727 844 ad
750 778 951 846 Dominioam
974 778 1169 845 Palmarum.
1195 780 1352 867 Antipho·

309 875 376 934 ret
402 868 551 954 Capitula
582 867 691 945 Perire,
707 867 857 934 secundae
888 874 963 954 post
986 865 1186 932 llomiuieam
1215 869 1355 953 primam

309 954 538 1040 andragesimae
560 958 739 1023 recitantur
769 957 800 1020 in
832 954 937 1021 leriali
961 954 1070 1020 Officio
1102 975 1203 1042 usque
1227 956 1267 1021 ad
1291 956 1353 1022 llo·

309 1046 428 1109 inicam
452 1045 626 1111 Passionis.
652 1044 748 1110 liobe.
773 1042 878 1108 Ferioe
902 1042 1077 1132 praedictae.
1103 1042 1183 1108 Item
1207 1064 1225 1108 a
1250 1046 1354 1131 prima

309 1132 443 1197 tminica
468 1132 508 1197 ad
532 1134 669 1198 alteram
692 1151 793 1218 usqne
817 1132 997 1208 PassioniS,
1022 1132 1050 1214 1.
1075 1141 1149 1215 post
1173 1131 1357 1198 Nocturnos

319 1218 439 1285 Officio
463 1222 531 1285 sive
554 1220 744 1287 Dominicali
768 1220 834 1285 sive
851 1220 969 1285 Feriali
992 1219 1131 1285 sumitur
1155 1219 1194 1285 de
1211 1228 1357 1307 tempore

309 1308 555 1391 radragcsimae.
787 1389 792 1396 ,

338 1395 396 1461 10.
420 1397 483 1462 Per
508 1405 609 1462 totam
625 1396 911 1484 Quadragesimam
928 1395 1077 1482 (excepta
1099 1396 1214 1481 majori
1231 1396 1355 1462 Hebdo-

309 1483 400 1571 1da)
423 1485 457 1549 in
481 1484 585 1550 Chore
617 1494 714 1569 atque
743 1487 776 1550 in
806 1484 911 1550 feriali
935 1484 1068 1559 Officio,
1099 1484 1192 1550 Faria
1215 1486 1357 1551 secunda

312 1573 475 1638 rsolvitur
491 1571 637 1638 Officium
661 1572 900 1639 Defunctorum
916 1571 972 1658 (de
995 1594 1055 1658 quo
1080 1573 1187 1658 censer
1203 1594 1228 1637 c.
1247 1574 1266 1639 7
1285 1595 1314 1637 o.
1334 1575 1352 1639 5

323 1659 450 1746 seqq.);
475 1660 567 1726 Perta
593 1669 708 1746 quarta
732 1661 884 1727 dicuntur
907 1660 1027 1725 Psalmi
1044 1659 1239 1735 Graduales;
1264 1660 1358 1727 Peria

309 1756 366 1814 xta
393 1748 513 1814 Psalmi
537 1748 777 1814 Poeuitentiales
802 1770 875 1814 cum
900 1747 1043 1813 Litauiis.
1069 1748 1164 1814 Retbr.
1189 1747 1295 1813 Ferioe
1310 1749 1360 1814 lV

309 1837 441 1902 herum.
465 1836 669 1902 Psalmorum
699 1835 908 1902 Gradualium
944 1838 1091 1902 recitatio
1127 1838 1233 1902 locum
1257 1836 1355 1902 habet

309 1930 351 1989 tte
376 1922 524 1990 Officium
546 1944 682 2011 parvum
706 1924 740 1990 B.
758 1926 797 1990 nt.
815 1926 851 1989 V.
877 1924 933 2012 (de
949 1946 1016 2010 quc
1041 1925 1142 1989 recole
1165 1946 1237 2010 quae
1260 1946 1355 2013 expo·

309 2011 397 2088 ¹ianus
420 2014 483 2077 el
507 2014 576 2078 nl
600 2023 628 2077 et
643 2011 745 2099 seqq.)
769 2021 802 2077 et
825 2022 900 2078 ante
924 2012 1115 2077 Matutinum
1139 2011 1211 2076 diei.
1238 2013 1358 2078 Psalmi

309 2101 519 2167 enitentiales
543 2120 617 2167 cnm
640 2100 773 2165 litaniis
807 2102 988 2166 recitantur
1010 2099 1099 2164 flexis
1123 2099 1258 2182 genibus
1283 2112 1357 2186 post

309 2187 404 2254 tudes
440 2188 525 2265 diei,
562 2188 647 2253 dicto
670 2187 897 2254 Benediccmus
919 2188 1062 2253 Domino.
1099 2186 1199 2252 Porro
1235 2188 1355 2253 Psalmi

309 2274 460 2341 raduales
495 2284 617 2362 queunt
651 2276 793 2362 persolvi
828 2276 930 2361 pridie
966 2275 1025 2340 suh
1057 2294 1225 2359 vesperam
1257 2274 1358 2341 Perire

309 2365 386 2429 rtiae
408 2372 484 2449 post
507 2365 770 2451 completorium.
795 2364 826 2429 S.
845 2364 882 2429 11.
903 2364 934 2428 C.
961 2364 979 2427 7
1003 2364 1087 2450 Sept.
1114 2363 1199 2427 1850
1225 2364 1256 2426 io
1279 2362 1360 2428 Mos-

309 2445 378 2518 lien.
395 2452 439 2517 cd
455 2454 485 2517 l.
509 2453 649 2519 Possunt
672 2453 782 2517 itidem
800 2453 921 2518 Psalmi
940 2450 1188 2517 Poenitentiales
1204 2450 1266 2515 dici
1285 2461 1361 2536 post

309 2540 532 2627 tmpletorium
556 2540 657 2607 Periae
681 2542 812 2626 quintae,
833 2541 861 2605 si
885 2539 971 2604 adsit
993 2538 1203 2604 consuetudo.
1221 2539 1253 2604 S.
1271 2539 1307 2603 ll.
1328 2541 1360 2606 0.

321 2630 406 2714 Aup.
426 2628 510 2694 1605
533 2629 567 2694 in
588 2628 728 2694 Laeden.
755 2638 785 2693 et
807 2628 904 2692 Rubr.
925 2627 1030 2714 pecul.
1055 2627 1178 2692 11156.
1203 2626 1359 2693 addititia

309 2714 394 2783 tnaec
416 2735 481 2780 non
505 2717 581 2782 licet
601 2717 633 2782 in
651 2715 755 2782 Chore
779 2717 947 2802 praeterire
971 2715 1011 2780 ob
1035 2715 1300 2781 consuetudinem
1316 2716 1362 2780 in·

309 2811 412 2871 totam
447 2813 522 2888 post
545 2804 671 2870 Bullam
695 2804 827 2869 Piauam
859 2825 931 2889 quae
954 2804 1115 2869 Breviario
1146 2805 1275 2888 praelixa
1300 2812 1359 2870 est.

327 2891 366 2958 R.
391 2891 491 2958 110
514 2891 610 2958 Mart.
637 2891 723 2958 1660
747 2893 780 2956 in
800 2890 935 2968 Nolano,
959 2893 1001 2957 11
1024 2891 1109 2980 Sept.
1129 2891 1214 2957 1617
1238 2892 1270 2956 in
1293 2892 1363 2958 Ate-

309 2979 568 3056 111νὶ111110
593 2979 667 3045 Dec.
693 2980 781 3045 1861
804 2979 836 3044 iu
863 2980 1042 3068 Oppideost'.

339 3069 405 3135 11.
430 3067 511 3133 'loto
529 3065 789 3152 Quadragesimre
812 3075 959 3155 tempore
975 3073 1081 3134 cessat
1096 3068 1299 3154 privilegium
1315 3087 1363 3136 re·

311 3154 403 3225 tandi
427 3157 529 3223 semel
553 3157 586 3222 in
609 3176 720 3222 meuse
743 3157 793 3222 vel
818 3155 1021 3222 hebdomada
1037 3164 1097 3221 etc.
1115 3154 1225 3222 Officia
1241 3157 1358 3232 votiva,

309 3263 481 3330 tamquam
505 3244 536 3308 in
562 3246 770 3310 concessione
795 3246 956 3310 restrictio
987 3246 1075 3310 nulla
1099 3244 1275 3329 adpareat,
1299 3245 1361 3309 nisi

309 3353 396 3401 nens
420 3332 584 3398 ludullum
607 3333 773 3398 obtentum
799 3334 842 3397 sit
864 3334 1041 3417 expressim
1066 3329 1176 3396 Officia
1202 3331 1259 3396 illa
1291 3352 1361 3417 per·

312 3423 415 3488 ittens
437 3422 537 3487 etiam
562 3421 593 3485 in
618 3419 880 3504 Quadragesima.
912 3420 986 3484 Vide
1009 3441 1035 3484 c.
1061 3419 1079 3482 5
1104 3442 1134 3482 o.
1158 3417 1190 3483 1.

346 3510 402 3575 11.
422 3509 456 3573 lu
475 3507 578 3574 Pestis
596 3528 709 3574 novem
727 3509 916 3574 Lectionum
932 3509 963 3573 in
981 3504 1235 3589 Quadragesima
1252 3525 1362 3571 occurr-

309 3596 451 3673 entibus,
474 3595 642 3669 Lectiones
666 3597 762 3684 primi
785 3596 962 3671 Nocturni,
986 3596 1013 3660 si
1037 3595 1176 3681 propriae
1201 3591 1361 3671 deficiant,

309 3685 448 3753 {mendae
479 3693 574 3749 erunt
608 3684 647 3749 de
679 3684 856 3750 Communi.
896 3683 1025 3749 Consule
1050 3703 1122 3769 qooe
1144 3681 1361 3747 adnotavimus

309 3775 334 3841 d
359 3773 413 3839 die
438 3772 479 3838 15
499 3772 571 3838 Joo.
596 3795 626 3838 o.
643 3772 686 3838 11.
710 3770 793 3851 Quid
815 3791 891 3836 vero
917 3770 1075 3854 agendum
1100 3767 1183 3835 inira
1207 3766 1361 3837 Octavam

309 3863 329 3930 :1
356 3861 410 3927 die
434 3859 553 3927 Octava
577 3859 661 3946 apud
687 3860 920 3943 Privilegiatos,
949 3858 1019 3923 vide
1044 3857 1171 3924 111.
1197 3856 1249 3924 al.

349 3948 465 4014 1111
491 3946 751 4032 Quadragesimae
776 3946 914 4014 decursu
937 3947 1063 4032 quoties
1087 3943 1233 4012 Ollicinm
1257 3946 1364 4029 agitur

309 4058 318 4105 r
343 4035 442 4109 Festo
467 4035 585 4132 duplici
610 4045 666 4108 aut
688 4035 914 4128 semiduplici,
945 4035 995 4101 uel
1025 4032 1111 4125 apud
1139 4033 1362 4122 Privilegiatos
