3484 4875
361 491 426 561 242
580 508 755 555 ansormnn
770 509 800 555 m
816 509 1019 555 nunnonnnui
1034 510 1174 555 munau

341 620 373 683 in
395 616 497 683 leriali
521 612 630 681 Officio
654 614 843 701 dntiplronae
866 623 896 681 et
921 615 1041 680 Psalmi
1063 624 1143 682 sunt
1165 635 1287 704 semper

342 707 508 773 Psalterio.
526 704 560 769 Si
584 705 616 769 in
641 712 704 769 tres
728 704 800 770 illas
816 704 925 770 Ferias
949 704 1100 770 inciderit
1123 704 1253 772 Festum
1272 708 1298 771 si

342 797 392 861 vel
415 796 517 861 instar
540 792 705 878 simplicis,
728 793 796 880 ejus
820 794 1081 859 commemoratio
1107 794 1216 879 agitur
1238 793 1298 881 (sir

344 882 460 970 ctione)
483 884 514 947 in
538 880 648 947 Ollicio
671 889 704 947 et
726 881 832 957 llissa,
854 883 887 948 in
910 901 973 968 qua
996 889 1072 948 lunc
1097 884 1298 969 praeterituri

341 973 486 1039 Ecclesia
508 970 557 1035 vel
581 990 639 1056 pro
662 970 759 1055 Papa.
783 970 875 1036 Feria
898 978 1005 1036 autem
1028 980 1144 1057 quarta
1169 973 1203 1038 in
1226 973 1298 1039 llart

345 1063 397 1146 gio
422 1062 438 1126 l
465 1061 535 1126 loco
560 1059 662 1124 diciur
694 1058 785 1125 Coeao
809 1059 972 1125 dominico
1002 1068 1074 1136 etc,
1098 1080 1137 1125 ac
1167 1060 1250 1127 illud
1277 1084 1298 1127 si

343 1170 407 1217 non
424 1150 541 1235 legitur
563 1148 701 1235 amplius
717 1168 817 1234 usque
833 1147 874 1213 ad
890 1148 1087 1214 [dominicam
1104 1148 1249 1215 Paschae.
1264 1152 1298 1216 Ul

344 1246 494 1305 occurrat
517 1236 646 1302 Festum
669 1237 805 1323 simplex
827 1237 894 1302 sive
917 1257 1054 1323 perse,
1077 1238 1145 1303 sive
1168 1257 1229 1325 per
1252 1260 1298 1305 aee

344 1326 520 1415 quiaillud
543 1324 634 1391 Feria
658 1327 767 1411 quinta
791 1328 936 1411 sequenti
959 1345 1040 1411 opus
1063 1333 1114 1391 est
1136 1328 1298 1415 omninop

344 1416 439 1493 milti,
455 1416 575 1481 idcirco
599 1413 692 1479 hodie
716 1434 841 1501 qnoque
864 1416 896 1480 in
912 1414 1061 1501 Vesperis
1084 1416 1176 1481 nulla
1200 1417 1285 1483 illius

346 1503 619 1573 commemoratio,
644 1502 739 1568 neor,
764 1504 808 1570 tit.
834 1504 871 1569 ll
898 1526 928 1568 c.
954 1505 1006 1569 ld.

414 1594 444 1660 8.
469 1592 505 1658 ln
536 1592 649 1658 ultimo
680 1591 785 1657 triduo
817 1592 947 1678 majoris
978 1590 1197 1658 Hebdomadas
1225 1594 1296 1659 llatr

345 1702 419 1749 cum
432 1680 593 1747 Laudibus
606 1679 708 1767 pridie
723 1690 796 1767 post
812 1680 1062 1767 Completoriom
1077 1681 1238 1748 recitatur
1252 1683 1283 1747 in

344 1771 496 1836 inclinata
517 1769 585 1855 jam
601 1768 663 1845 die,
680 1769 740 1835 hoc
764 1778 813 1835 est
836 1769 896 1835 snb
919 1770 997 1836 solis
1021 1790 1188 1836 occasum.
1209 1772 1298 1837 Carrei

345 1860 395 1926 lib.
413 1859 433 1924 2
457 1880 483 1923 c.
508 1858 561 1923 22.
585 1857 676 1924 llicto
694 1860 865 1924 summissa
880 1878 957 1924 voce
976 1858 1201 1936 Pentecosten
1219 1860 1298 1925 Ace.

345 1956 378 2014 et
401 1946 441 2013 ad
464 1946 652 2012 llatutinum
675 1967 712 2012 ac
736 1948 875 2013 Primam
902 1946 1016 2023 Credo,
1039 1948 1156 2013 ceteris
1173 1957 1298 2035 praeterr

345 2037 492 2102 absolute
514 2034 659 2102 Officium
681 2035 812 2123 incipit,
844 2034 885 2102 ad
909 2035 1098 2102 Matutinum
1131 2044 1163 2101 et
1192 2037 1298 2124 Vesper

345 2126 526 2213 Antiphona
551 2124 646 2210 primi
669 2124 799 2201 Psalmi,
824 2144 895 2210 quae
919 2124 1101 2211 duplicatur
1123 2126 1251 2210 integra
1273 2127 1297 2191 si

345 2215 487 2302 reliqua,
511 2221 547 2280 ut
570 2214 601 2279 in
625 2212 719 2279 Festo
743 2213 883 2300 duplici:
912 2214 944 2279 in
960 2214 1021 2280 hoc
1038 2214 1123 2279 enim
1141 2215 1249 2281 triduo
1265 2213 1298 2281 Ol

346 2304 465 2391 duplex
487 2311 536 2369 est
559 2303 671 2390 primae
695 2302 830 2379 classis,
853 2320 955 2389 neque
979 2303 1044 2369 ulla
1067 2322 1203 2389 prorsus
1230 2305 1261 2370 in
1282 2325 1297 2369 e

347 2400 455 2480 potest
478 2391 750 2459 commemoratio.
775 2391 870 2458 liobe.
917 2392 995 2458 ecel.
1019 2415 1049 2458 a.
1075 2392 1115 2458 59
1141 2402 1170 2457 et
1193 2393 1227 2459 S.
1250 2393 1282 2458 ll.

343 2484 421 2570 Apr.
446 2482 530 2548 lond
554 2482 586 2546 in
609 2480 832 2547 Panormitano
855 2503 875 2545 c
920 2481 950 2547 8.
975 2480 1011 2547 In
1033 2481 1094 2547 linc
1118 2481 1298 2548 Psalmoruo

346 2571 495 2658 primitur
520 2570 626 2636 Gloria
651 2568 740 2635 Petri
761 2590 820 2657 per
842 2589 953 2636 omnes
976 2570 1090 2645 Horas,
1113 2578 1213 2656 atque
1228 2569 1298 2655 inni

343 2662 448 2726 soluto
471 2667 579 2725 autem
602 2659 712 2746 quovis
729 2658 855 2725 Psalmo
873 2658 913 2725 ad
929 2659 1117 2725 llalutinum
1135 2659 1298 2744 extinguite

344 2767 382 2813 ex
405 2746 587 2834 quindecim
611 2746 752 2813 candelis
775 2746 878 2813 infixis
896 2746 1094 2814 candelabro
1113 2747 1298 2832 triangulari,

345 2837 454 2901 Altare
471 2838 503 2901 in
520 2855 619 2901 cornu
635 2835 787 2923 llpistolae
803 2837 971 2912 collocato,
988 2837 1113 2902 initium
1138 2837 1298 2903 ducendo:

344 2944 415 3010 quae
438 2923 530 2989 adest
552 2924 584 2989 in
609 2924 670 2990 irna
695 2931 787 3012 parte
811 2923 851 2991 ad
875 2926 959 2992 latus
988 2924 1174 3010 Evangelii,
1207 2935 1239 2992 et
1268 2923 1298 2990 ad

344 3011 578 3100 progrediendo
603 3032 673 3098 qnae
695 3011 827 3081 inferius
850 3015 955 3101 posita
982 3022 1033 3080 est
1062 3015 1103 3080 ad
1134 3015 1220 3080 latus
1252 3015 1298 3079 altr

346 3109 441 3187 atque
466 3102 510 3167 ita
534 3101 683 3168 vicissim.
707 3101 765 3168 Ubi
790 3111 897 3169 autem
919 3109 1048 3169 ventum
1080 3103 1142 3169 erit
1173 3102 1214 3169 ad
1245 3103 1298 3168 Can

344 3189 537 3268 Benedictus,
553 3189 640 3256 laces
659 3191 727 3277 jam
750 3211 860 3257 ornnes
885 3191 1002 3258 debent
1023 3211 1094 3258 esse
1115 3191 1298 3258 extinctoria

346 3271 478 3347 delabro
502 3288 620 3367 practer
645 3299 750 3372 unam,
773 3300 844 3366 quaa
867 3281 929 3347 sila
952 3290 1002 3347 est
1024 3281 1057 3347 in
1079 3280 1167 3346 illius
1183 3281 1294 3347 vertice

344 3389 431 3448 vero,
447 3368 523 3439 dum
540 3370 695 3436 recitatur
711 3369 887 3446 Canticum,
903 3370 1057 3456 paulatim
1082 3390 1211 3456 quoque
1226 3369 1298 3436 extio

345 3465 399 3525 tur
415 3479 470 3526 sex
487 3459 570 3526 cerei
587 3458 640 3545 qui
658 3459 798 3524 eminent
814 3478 911 3544 super
926 3458 1047 3535 liltore,
1063 3459 1246 3546 incipiendo
1261 3457 1298 3523 nir

345 3567 363 3612 a
380 3556 543 3633 postremo
559 3548 592 3617 in
608 3565 708 3613 cornu
720 3546 894 3633 Evangelii,
908 3554 1003 3634 atque
1021 3547 1100 3612 adeo
1117 3547 1298 3634 progredier

346 3636 495 3706 ultimum
511 3636 544 3702 in
562 3657 661 3703 cornu
677 3635 838 3722 Epistola,
863 3656 900 3702 ac
923 3637 967 3701 ita
991 3656 1087 3724 porro
1112 3637 1246 3703 alternis
1262 3633 1297 3700 ad

346 3743 489 3812 quosque
501 3724 548 3807 γ’γ’.
558 3724 690 3804 Cantici,
702 3725 752 3792 vel
767 3725 795 3790 si
811 3725 915 3810 magis
932 3725 1021 3792 lubet
1037 3724 1078 3791 ad
1094 3725 1239 3811 singulos
1254 3723 1298 3791 lae

345 3812 389 3877 tio
406 3832 425 3877 a
440 3813 468 3895 γ’.
489 3811 528 3878 Ut
542 3815 606 3878 sine
623 3816 743 3891 timore,
767 3813 1035 3900 quemadmodum
1060 3814 1243 3902 prescribit
1259 3812 1298 3879 Ca

344 3900 429 3968 niale
443 3899 684 3988 Episcoporum.
710 3901 787 3970 llum
811 3923 908 3990 porro
924 3903 1080 3990 repetitur
1095 3902 1277 3990 Antiphone
1292 3921 1298 3966 r

344 3987 493 4067 nedictus,
510 4009 660 4077 suprema
676 3990 809 4058 candela
825 4012 897 4078 quaa
913 3992 1053 4058 extincta
1076 4012 1140 4058 non
1156 4000 1217 4070 est,
1235 3992 1298 4058 dett

348 4077 587 4156 ellandelaluo,
596 4086 628 4148 et
640 4078 847 4148 absconditur
858 4100 959 4170 prope
970 4081 1080 4149 Altare
1092 4082 1125 4149 iu
1138 4101 1239 4150 cornu
1250 4077 1298 4166 llpi
