3484 4875
440 494 613 541 amorium
624 494 654 540 ru
667 494 824 541 nourmms
836 496 871 541 nr
884 495 985 541 rnurns
998 496 1137 543 curemus
1234 477 1296 545 out

264 601 377 687 primis
400 601 547 689 Vesperis
570 602 759 689 Antiphone
781 623 851 689 quae
874 602 1066 689 praecedenti
1087 602 1226 671 Sabbato
1243 604 1323 671 desi·

266 698 425 773 guantum
450 712 487 757 ac
503 699 664 778 ponuntur
680 691 771 756 Initia
788 692 943 757 librorum
959 691 1222 769 Manbabaeorum
1244 714 1321 781 quc·

263 799 336 844 rum
364 778 471 845 Lectio
518 802 552 847 er
574 781 716 865 singulas
738 779 959 847 Hebdomadas
983 782 1185 849 continuatur
1208 781 1256 869 (*).
1282 783 1324 849 At

263 888 339 933 vero
364 870 391 933 si
414 802 553 935 October
576 891 613 935 ex
636 877 773 955 quatuor
796 876 919 935 tantum
941 868 1113 935 Dominicis
1132 871 1322 946 constiterit,

265 963 342 1021 tunc
366 956 457 1022 Faria
488 960 598 1043 quinta
627 957 838 1023 Hebdomada
870 966 991 1044 quartae
1023 978 1060 1023 ac
1092 959 1215 1025 duobus
1245 960 1325 1023 inse·

265 1045 436 1129 quentibus
471 1046 581 1112 diebus
615 1054 780 1112 sumentur
813 1045 979 1112 Lectiones
1002 1045 1173 1113 Dominicae
1206 1048 1324 1133 quintae

263 1154 322 1198 nec
354 1154 416 1199 non
440 1133 538 1200 Feriae
562 1134 589 1200 11
613 1154 649 1199 ac
672 1134 715 1199 111
739 1134 915 1220 posthanc
938 1135 1155 1212 bonumeam,
1180 1137 1323 1222 quamvis

261 1221 357 1287 Initia
391 1243 453 1287 non
488 1225 561 1289 siut.
585 1223 681 1288 Rubr.
705 1234 775 1288 octe
809 1223 881 1289 Fer.
911 1222 938 1287 V
969 1222 1065 1289 Hobd.
1090 1223 1139 1290 IV
1172 1224 1317 1289 Octobris.

263 1310 479 1395 Responsoria
503 1321 609 1377 tamen
633 1312 685 1399 (si
708 1311 851 1378 Officium
875 1311 976 1378 Feriac
999 1311 1138 1400 agatur)
1167 1320 1261 1378 erunt
1283 1312 1322 1376 de

263 1398 355 1464 Feria
380 1410 588 1479 occurrente,
612 1403 662 1467 vei
686 1400 724 1465 de
748 1402 850 1486 primo
874 1400 1035 1466 Nocturno
1064 1400 1237 1466 Dominicae
1261 1402 1324 1486 pri·
1421 1411 1432 1455 ἴ

262 1508 324 1553 mac
349 1474 505 1566 Octobris,
523 1491 549 1555 si
567 1489 701 1555 necdum
717 1487 835 1554 inerint
851 1490 993 1555 recitata.
1012 1488 1104 1554 Rubr.
1123 1491 1167 1555 tit.
1184 1489 1226 1554 27
1243 1512 1273 1554 u.
1291 1490 1321 1553 7.

263 1576 297 1641 Si
322 1596 420 1662 porro
443 1577 534 1643 Feria
558 1580 688 1664 quinta,
723 1586 812 1643 sexta
846 1598 883 1643 ao
913 1577 1087 1643 Sabbatum
1111 1576 1324 1643 Hebdomada

262 1673 386 1749 quartae
410 1667 644 1751 impediantur,
668 1686 704 1731 eo
728 1686 810 1731 anno
834 1666 1021 1733 omittentur
1047 1666 1215 1732 Lectiones
1239 1666 1324 1739 illae,

262 1773 334 1838 quae
368 1754 509 1839 praeiatis
544 1755 654 1820 diebus
689 1756 751 1840 legi
785 1764 955 1840 nequeunt.
981 1753 1074 1819 itubr.
1099 1766 1169 1820 oute
1195 1753 1269 1819 Far.
1299 1753 1325 1819 V

257 1842 460 1929 praedictom.
478 1847 624 1909 Attamen
642 1844 776 1909 sideria
793 1846 902 1930 quinta
919 1844 1082 1910 dumtaxat
1099 1842 1249 1930 impedita
1270 1844 1321 1918 sit,

262 1940 341 1995 tunc
364 1932 396 1995 in
419 1931 510 1997 Feria
534 1942 621 1999 sexta
646 1942 802 2017 ponentur
825 1933 990 1999 Lectiones
1006 1931 1177 1998 Dominicae
1195 1934 1325 2017 quintae,

262 2027 295 2084 et
318 2021 462 2105 proximo
487 2020 626 2086 Sabbato
649 2021 814 2086 Lectiones
837 2021 936 2087 Feriee
960 2020 1117 2086 secundae.
1135 2023 1175 2086 At
1192 2021 1245 2085 ubi
1264 2040 1325 2086 una

264 2116 390 2173 tantum
413 2108 481 2175 dies
504 2108 599 2175 inerit
622 2109 745 2183 libera,
775 2110 806 2173 in
842 2129 879 2173 ea
915 2110 987 2195 poni
1020 2109 1136 2173 debent
1158 2108 1324 2173 Lectiones

261 2195 435 2262 Dominicae
459 2198 597 2283 quintac;
621 2195 794 2262 serrandus
819 2198 934 2282 quippe
958 2216 1084 2281 semper
1107 2205 1155 2261 cst
1179 2196 1256 2261 ordo
1281 2197 1326 2261 hi·

261 2285 381 2350 storiae.
405 2284 522 2352 Verum
546 2288 573 2351 si
596 2284 734 2360 October
755 2287 917 2350 contineat
948 2284 1075 2371 quidem
1099 2283 1323 2350 Hebdomadas

261 2374 413 2461 quinque,
437 2374 494 2440 sed
517 2376 548 2440 in
573 2374 734 2440 Dominica
751 2375 860 2461 quinta
877 2393 914 2439 ac
931 2374 1053 2440 duobus
1076 2374 1228 2460 proximis
1254 2372 1323 2437 die·

261 2463 323 2529 bus
346 2465 474 2529 recitari
498 2465 697 2549 nequiverint
718 2463 883 2529 Lectiones
913 2463 956 2528 ibi
995 2463 1209 2547 consignatae,
1245 2463 1325 2548 ipsae

263 2548 496 2618 transferentur
530 2554 561 2617 in
596 2553 704 2618 Ferias
739 2560 907 2637 sequentes
937 2551 1078 2638 ejusdem
1109 2549 1324 2616 Hebdomadas

261 2641 382 2727 quintae
405 2642 480 2706 item
500 2640 589 2726 juxta
613 2642 757 2706 ordinem
780 2639 922 2706 historiae
953 2659 990 2705 ac
1021 2640 1166 2726 martyrii
1197 2638 1322 2704 Macha-

259 2729 405 2795 baeorum
428 2729 549 2817 (Itubr.
574 2731 594 2794 t.
619 2730 668 2795 cit.
685 2731 713 2813 );
737 2749 806 2816 quae
828 2729 928 2794 Feriae
952 2730 979 2794 si
1001 2727 1118 2794 inerint
1140 2727 1325 2815 impedita,

260 2837 396 2885 necesse
418 2819 479 2883 erit
501 2827 536 2884 ut
558 2820 684 2904 penitus
717 2817 882 2884 Lectiones
916 2818 980 2883 iliae
1009 2818 1321 2904 praetermittantur;
1441 2833 1445 2841 ·

261 2926 337 2972 oum
362 2907 526 2994 privilegio
550 2915 679 2973 careant
703 2908 905 2995 repositionis
929 2908 960 2972 in
986 2905 1087 2973 Festis
1104 2905 1322 2971 obtinentibus

260 2995 428 3060 Lectiones
453 2997 547 3082 primi
568 2995 721 3061 Nocturni
744 2998 891 3082 proprias
916 2998 963 3062 vei
988 2996 1026 3062 de
1050 2996 1215 3062 Communi
1236 2994 1321 3059 adsi·

261 3093 386 3169 gnatas.
411 3084 505 3149 Itubr.
527 3085 628 3172 perui.
652 3108 682 3150 o.
707 3085 769 3150 195
794 3095 822 3150 et
839 3086 912 3152 tut.
929 3085 1055 3172 Perirpe
1072 3086 1164 3150 etium
1182 3084 1322 3171 exposita

257 3183 331 3261 post
354 3172 563 3260 Epiphaniam
585 3195 615 3238 a.
641 3174 693 3250 10,
718 3174 754 3238 11
782 3183 811 3238 et
834 3173 885 3239 11.

330 3262 361 3331 L..
386 3259 476 3339 Quod
500 3262 612 3327 attinet
635 3262 675 3328 ad
699 3262 838 3349 Hymnos
861 3263 893 3326 in
916 3259 1069 3327 Matutino
1101 3269 1133 3324 et
1159 3257 1321 3325 Laudibus

262 3347 454 3425 Dominum,
478 3370 620 3415 necnon
645 3352 684 3417 ad
709 3351 831 3436 reliqua
854 3350 959 3416 omnia
983 3349 1158 3434 spectantia
1182 3346 1220 3412 ad
1246 3344 1318 3410 Offi-

262 3438 348 3504 cium
373 3437 567 3503 Dominicale
590 3447 623 3503 et
645 3439 787 3513 Feriam,
823 3436 1049 3522 pervidendum
1083 3443 1132 3500 est
1156 3433 1240 3520 quod
1264 3432 1319 3498 do·

263 3528 389 3592 coimus
423 3528 454 3591 in
489 3526 660 3594 Dominicis
694 3536 726 3593 et
760 3525 859 3592 Feriis
894 3525 934 3592 ab
967 3523 1083 3591 Octava
1115 3523 1321 3588 Pentecostes

265 3634 367 3702 usque
390 3614 430 3681 ad
452 3615 640 3681 Adventum.

321 3868 356 3944 (⁴)
378 3871 475 3930 diense
495 3869 611 3932 Octobri
633 3868 767 3945 leguntur
788 3867 853 3929 iibri
876 3867 1128 3937 biacirabaeorum,
1158 3873 1190 3926 ut
1216 3885 1319 3943 rrrmpe

262 3959 387 4010 mentem
408 3950 518 4020 subeat,
539 3951 567 4010 iu
590 3949 703 4009 uirtutis
723 3947 818 4008 studio
840 3946 1056 4026 proficientibus
1072 3946 1179 4026 jugiter
1193 3965 1258 4006 cum
1276 3947 1316 4004 ri·

261 4030 553 4171 tpiestappupitiosorum
575 4027 722 4092 bominum
744 4027 854 4089 insidiis
874 4045 937 4088 esse
951 4028 1146 4108 pugnandum.
1162 4025 1323 4105 Sicserme
