3484 4875
424 492 465 557 ll
785 507 878 554 aaran
895 508 916 553 1.
934 507 972 553 nc
989 508 1092 555 caccus

401 618 589 693 Februarii,
614 615 698 681 idest
727 613 835 679 addito
861 615 902 689 l,
928 613 978 679 dic
1001 614 1054 681 bd.
1080 614 1171 694 Quod
1198 618 1225 682 si
1249 637 1308 704 per
1333 620 1472 705 priorem

401 706 543 771 litteram
566 705 593 770 D
616 704 648 769 in
672 712 809 787 utroque
843 701 905 766 boc
939 722 1023 767 anno
1056 703 1216 786 agendum
1251 715 1360 781 esset,
1397 710 1472 775 nihil

402 792 597 867 efficeretur3
622 811 693 857 oum
718 790 801 855 inira
825 789 962 875 Epactas
997 788 1097 854 XXlV
1131 801 1163 855 et
1197 792 1283 857 XXV
1314 796 1472 861 litteral}

403 880 523 946 indicet
557 879 834 965 septuagesimam
871 877 922 940 die
958 878 998 941 l5
1033 877 1217 951 Februarii3
1246 881 1471 966 quodfalsum

403 976 475 1058 est,
500 989 573 1034 cum
597 988 634 1034 eo
658 986 741 1034 anno
766 966 928 1051 posterior
954 965 1063 1029 littera
1086 966 1109 1029 C
1133 967 1256 1032 Pascha
1287 969 1402 1036 ollerat
1426 972 1472 1037 die

397 1056 445 1121 25
469 1057 598 1142 Aprilis,
624 1076 661 1121 ac
684 1053 818 1141 proinde
842 1052 1086 1137 Septuagesima
1104 1054 1154 1118 dic
1170 1056 1212 1120 Ἡ
1231 1055 1401 1123 Februarii
1424 1078 1470 1123 ce-

402 1144 557 1210 lebranda
574 1146 628 1220 sit,
645 1149 680 1207 ut
697 1141 817 1227 liquido
835 1148 972 1215 constat,
989 1141 1016 1204 si
1034 1161 1052 1205 a
1070 1141 1121 1205 die
1138 1143 1269 1208 Paschae
1298 1156 1387 1210 retro
1416 1168 1469 1212 nat·

402 1241 567 1299 merentur
584 1231 757 1296 [lominica
774 1247 874 1313 usque
896 1228 936 1293 ad
959 1228 1245 1312 Septuagesimam.
1269 1269 1314 1279 —
1339 1232 1469 1313 Quando

402 1322 503 1385 currit
528 1319 646 1405 llpaeta
671 1317 957 1401 vigesimaquinta,
989 1335 1029 1380 an
1053 1317 1206 1399 eligenda·
1224 1320 1266 1383 sit
1290 1321 1369 1396 illa,
1405 1342 1470 1407 que

402 1408 589 1473 charactere
613 1407 756 1470 llomano
780 1402 866 1467 XXV
890 1411 998 1469 notata
1023 1412 1093 1478 est,
1128 1407 1177 1470 vel
1212 1408 1275 1470 alia
1307 1408 1469 1493 designata

401 1496 589 1561 charactere
613 1492 742 1559 arabico
765 1492 819 1567 25,
843 1491 914 1555 vide
938 1486 1035 1575 supra'
1061 1513 1090 1556 n.
1117 1494 1135 1557 5
1160 1494 1192 1557 in
1216 1493 1287 1559 line.

379 1610 385 1621 ·
470 1585 522 1649 lb.
547 1582 582 1647 ln
607 1582 737 1646 Tabella
761 1578 890 1666 llpactis
914 1579 954 1643 ad
978 1578 1141 1645 sinistram
1159 1584 1395 1666 praeposuimus
1412 1584 1469 1649 Aa·

401 1691 475 1737 reos
510 1689 661 1736 numeros
695 1667 808 1733 oodcm
842 1666 976 1742 ordine,
1009 1687 1070 1752 quo
1107 1676 1181 1732 ante
1216 1671 1471 1737 emendationem

403 1759 587 1825 llalendarii
604 1758 757 1823 collocari
780 1755 938 1829 solebant,
967 1761 1001 1819 ut
1029 1775 1067 1820 ex
1095 1756 1134 1820 iis
1152 1756 1246 1821 Festa
1270 1759 1403 1824 mobilia
1426 1761 1470 1824 in-

403 1847 597 1913 venirentur.
622 1846 689 1910 lloc
720 1851 828 1909 autem
862 1843 983 1908 idcirco
1018 1862 1037 1906 a
1067 1844 1159 1908 nobis
1189 1845 1407 1923 factumest,
1440 1858 1472 1912 ut

310 1979 317 1990 -
403 1934 537 2009 Pascha,
554 1942 723 2018 ceteraque
746 1932 840 1997 llesla
857 1931 988 1996 mobilia
1012 1950 1030 1994 a
1054 1930 1195 1996 Concilio
1218 1933 1347 1998 Nicaeno
1372 1956 1470 2021 usquc

403 2022 445 2087 ad
468 2041 586 2087 annum
612 2022 698 2086 1582
723 2020 858 2104 quisque
880 2019 1075 2101 investigare
1098 2022 1211 2103 possit.
1235 2019 1356 2085 Eodem
1382 2043 1470 2108 pror-

404 2130 460 2175 sus
484 2109 619 2175 artificio
644 2128 682 2175 cx
706 2108 822 2173 Aureis
851 2107 992 2171 numeris
1015 2106 1062 2170 ita
1085 2106 1265 2173 distributis
1289 2108 1386 2175 Festa
1405 2131 1468 2177 mo·

402 2196 480 2262 bilia
504 2205 676 2272 eruerctur,
699 2216 762 2280 quo
786 2214 823 2259 ex
847 2193 988 2279 Epactis.
1024 2193 1073 2258 Sit
1109 2196 1195 2261 enim
1217 2197 1471 2283 explorandum,

403 2286 540 2371 exempli
565 2304 683 2359 causa,
706 2282 911 2369 quandonam
944 2280 1039 2346 Festa
1074 2280 1141 2346 haec
1165 2284 1329 2349 celebrata
1353 2284 1470 2352 luerint

403 2392 488 2439 anno
520 2373 617 2439 ldbb.
650 2371 808 2453 Quoniam
839 2390 877 2435 eo
911 2388 994 2433 anno
1018 2368 1144 2435 Aureus
1168 2391 1322 2436 numerus
1350 2371 1412 2439 luit
1444 2375 1472 2450 7,

403 2469 436 2526 et
460 2463 568 2529 littera
583 2461 791 2527 llominiealis
815 2459 856 2533 1t;
882 2459 909 2523 si
926 2457 1051 2523 Aureus
1074 2478 1226 2525 numerus
1251 2461 1319 2525 lin
1343 2463 1472 2529 sinistro

402 2551 504 2615 latere
527 2551 714 2636 accipiatur,
738 2557 771 2613 et
793 2549 897 2636 prima
921 2546 1029 2611 littera
1063 2544 1146 2611 inira
1180 2567 1253 2613 eum
1277 2567 1472 2623 occurrens;

401 2640 582 2723 reperietur
605 2658 622 2702 e
645 2639 776 2721 regione
799 2636 894 2720 hujus
917 2635 1034 2698 litterae
1057 2632 1082 2697 D
1107 2633 1349 2719 septuagesima
1380 2637 1432 2703 die
1456 2640 1472 2702 l.

400 2724 508 2802 Febr„
533 2725 601 2788 dies
624 2725 774 2789 Cinerum
797 2723 838 2789 l8
862 2721 967 2795 Febr,
991 2721 1115 2786 Pascha
1139 2723 1190 2787 die
1215 2725 1233 2788 5
1258 2724 1389 2809 Aprilis,
1414 2736 1471 2792 etc.

471 2812 522 2877 ld.
548 2810 710 2876 Adventus
726 2810 853 2876 Domini
877 2809 1059 2875 celebratur
1078 2830 1206 2897 semper
1230 2811 1280 2876 die
1299 2812 1473 2889 bominico,

402 2900 458 2984 qui
480 2898 691 2984 propinquior
714 2906 763 2964 est
786 2898 881 2964 Festo
905 2895 937 2963 S.
962 2897 1099 2963 Andreae
1130 2901 1287 2984 Apostoli,
1316 2921 1434 2988 nempe
1457 2923 1474 2968 a

403 2986 454 3051 die
485 2987 527 3051 27
551 2986 739 3052 Novembris
762 2987 917 3053 inclusive
949 2985 1111 3069 usquead
1136 2986 1221 3052 diem
1246 2988 1264 3050 5
1290 2987 1473 3055 Decembris

402 3075 525 3160 pariter
547 3075 712 3150 inclusive,
736 3075 780 3140 ita
803 3083 840 3141 ut
863 3075 972 3140 littera
996 3074 1202 3138 bominicalis
1226 3095 1377 3152 currens,
1404 3097 1473 3162 quac

402 3164 562 3247 reperitur
583 3165 614 3228 in
631 3162 824 3228 Kalendario
841 3183 859 3228 a
877 3161 928 3226 die
944 3161 985 3226 Ἦ
1002 3161 1190 3227 Novembris
1216 3164 1373 3247 usquead
1391 3164 1474 3231 diem

401 3249 422 3312 5
439 3249 635 3329 Decembris,
652 3250 772 3315 indicet
787 3250 986 3316 Dominicam
1003 3249 1175 3313 Adventus.
1189 3248 1242 3314 Sic
1254 3251 1343 3315 verbi
1360 3255 1474 3336 gratia,

402 3337 431 3400 si
455 3338 563 3403 littera
586 3338 793 3405 Dominicalis
817 3347 865 3403 est
890 3336 926 3412 G,
950 3335 1115 3401 Dominica
1139 3336 1301 3403 Adventus
1325 3340 1420 3406 cadet
1444 3342 1475 3405 in

401 3424 486 3519 diem
503 3427 523 3492 2
541 3426 740 3504 Decembris;
758 3427 832 3513 quia
849 3426 894 3491 ibi
910 3433 959 3491 cst
976 3424 1083 3490 littera
1100 3422 1124 3490 G
1142 3424 1174 3489 in
1191 3424 1396 3505 Kalendario,
1413 3437 1473 3494 etc.
