3484 4875
362 490 434 555 tto·
600 504 822 551 unrorsrmues
838 504 869 548 m
885 504 977 549 rusrn
993 493 1163 553 nnesnbms
1183 517 1189 524 ·

382 616 415 679 in
447 612 627 698 proximum
651 610 784 696 duplex,
817 609 902 694 quod
926 609 1140 695 redigendum
1163 611 1228 676 erit
1255 610 1292 676 ad
1309 611 1378 676 ritun
1432 647 1435 684 ς

382 702 584 785 simplicem,
622 698 677 762 ubi
700 717 853 763 occursus
878 718 936 783 per
960 699 1111 764 accidens
1143 700 1320 783 contingat:
1344 698 1378 762 ul'
1431 732 1435 770 ;

382 810 458 853 voro
476 807 630 851 occursus
654 786 696 849 sit
719 794 939 871 perpetuus,a
964 786 996 851 S.
1011 786 1058 867 ll.
1084 786 1380 871 Congregationein·
1432 801 1435 835 i

384 878 532 962 ploretur
556 874 617 939 diei
641 874 826 956 assignatio.
844 873 954 938 Recole
978 874 1061 959 quod
1077 874 1247 939 docuimus
1269 897 1292 939 c.
1308 875 1384 939 lui
1434 913 1435 935 l

383 964 454 1029 Ill.n
478 973 508 1027 ct
533 962 584 1027 ld.
609 960 643 1025 Si
675 960 803 1025 demum
831 962 862 1025 in
887 961 1018 1028 Nestum
1051 960 1082 1026 S.
1109 960 1268 1048 Stephani
1299 962 1386 1027 incidat

381 1050 547 1115 Dedicatio
571 1049 733 1123 Ecclesia,
765 1049 798 1112 id
820 1049 1039 1132 praestandum
1064 1058 1115 1113 est
1145 1051 1236 1135 quod
1264 1051 1337 1115 inira
1356 1050 1387 1114 dio

322 1212 326 1220 .
381 1138 424 1204 ⁶28
449 1138 543 1222 hujus
565 1155 598 1201 n.
623 1135 662 1200 lV
687 1136 725 1200 de
750 1136 799 1200 Ss.
821 1135 1048 1202 Innocentibus
1073 1136 1306 1204 declarabitur.

340 1227 393 1291 27.
418 1262 462 1273 -
484 1226 508 1290 l.
533 1224 664 1301 Quoties
682 1223 812 1288 Festum
830 1222 862 1287 S.
879 1224 1012 1289 loannis
1028 1225 1061 1289 in
1077 1224 1252 1290 llominica
1269 1225 1390 1297 occurrit,

381 1314 462 1378 nihil
486 1311 580 1376 hodie
603 1313 639 1376 ht
662 1310 701 1373 de
724 1330 773 1385 ea,
796 1309 853 1374 sed
879 1311 1072 1377 transfertur
1096 1312 1139 1376 ad
1164 1314 1209 1377 50
1235 1314 1334 1399 hujus.

428 1401 466 1465 ll.
491 1400 550 1465 Ubi
574 1399 606 1463 S.
631 1398 770 1463 Juanrres
795 1407 845 1462 est
867 1401 1055 1485 principalis
1073 1400 1240 1465 Patronus
1264 1403 1310 1466 vel
1331 1400 1393 1464 Titu-

382 1489 472 1563 luris,
493 1488 536 1551 ihi
561 1487 728 1572 inprimis
752 1485 902 1570 Vesperis
927 1486 1118 1571 Antiphonae
1143 1496 1177 1553 et
1203 1489 1322 1553 Psalmi
1342 1495 1394 1552 sunt

382 1576 421 1639 de
444 1576 627 1648 Natiuitate,
652 1573 766 1637 deinde
792 1594 810 1637 a
833 1573 980 1659 Capitnlo
1004 1575 1039 1638 lit
1064 1574 1103 1639 de
1128 1573 1161 1639 S.
1188 1576 1322 1651 Joanne,
1343 1594 1394 1640 cun

382 1663 689 1727 commemoratione
712 1661 745 1725 S.
763 1660 917 1745 Stephani
941 1671 973 1726 et
997 1661 1125 1727 Octauo
1148 1663 1341 1729 Natiuitatis.
1357 1664 1395 1726 lle·

381 1751 469 1832 liqna
494 1751 721 1835 persolvuntur
739 1756 772 1812 ut
788 1750 821 1812 in
837 1749 980 1814 Ecclesia
1003 1751 1192 1826 universali,
1212 1752 1270 1816 sed
1294 1754 1323 1817 in
1339 1752 1395 1814 lau·

383 1838 476 1901 dibus
512 1847 544 1901 et
578 1838 674 1901 blissa
709 1845 804 1921 atque
833 1838 865 1900 in
896 1837 1046 1902 secundis
1069 1837 1228 1921 Vesperis
1263 1841 1396 1905 omittitur

384 1926 647 1989 commemoratio
673 1924 704 1988 S.
730 1923 905 2008 Stephani,
934 1936 966 1989 et
989 1925 1073 1989 inlra
1096 1924 1257 1991 Octavam
1282 1946 1395 1992 comme·

383 2014 521 2077 moratio
546 2012 577 2077 S.
603 2012 734 2076 loannis
767 2014 1064 2078 commemorationi
1096 2012 1130 2077 S.
1155 2013 1314 2100 Stephani
1338 2034 1395 2099 pra·

302 2158 307 2166 ,
383 2100 496 2166 fertur.
520 2101 652 2165 Attende
675 2100 758 2184 qorod
780 2119 877 2187 supro
901 2101 1109 2188 explicuimus
1134 2122 1160 2164 c.
1188 2102 1210 2165 Ξ),
1234 2126 1265 2167 n.
1291 2104 1340 2167 55.

428 2189 481 2253 lll.
507 2188 566 2253 Ubi
595 2190 625 2253 in
652 2188 736 2252 diem
760 2188 842 2252 hano
867 2186 899 2251 S.
924 2188 1055 2253 loannis
1080 2189 1233 2274 Apostoli
1265 2199 1297 2256 et
1318 2190 1396 2254 Eran-

384 2278 508 2360 gelistae
532 2276 660 2340 Festum
678 2275 798 2339 incidat
821 2275 999 2360 cujuspiam
1022 2276 1154 2340 Patroni
1179 2279 1234 2342 vel
1257 2278 1397 2348 Titularis,

384 2373 439 2430 aut
456 2363 671 2429 Dedicatiouis
688 2362 851 2439 Ecclesia,
867 2363 900 2426 id
917 2363 1147 2448 perficiendum
1171 2374 1225 2430 est
1249 2366 1333 2452 quod
1347 2363 1398 2429 heri

384 2474 416 2517 n.
440 2453 481 2516 lV
506 2452 544 2516 de
568 2452 601 2517 S.
626 2451 787 2535 Stephano
813 2451 1013 2516 tradidimus,

341 2541 393 2606 aa.
418 2577 461 2589 -
484 2540 508 2605 1.
534 2539 613 2603 Eum
637 2538 766 2603 Festum
791 2537 840 2603 Ss.
865 2540 1086 2605 Innocentium
1115 2540 1148 2604 in
1172 2538 1341 2623 Dominioa
1361 2559 1398 2604 oc·

385 2629 508 2702 currit,
539 2629 618 2692 nihil
642 2625 736 2690 hodie
759 2627 794 2690 lit
818 2626 857 2690 dc
881 2647 939 2700 ea;
971 2629 1001 2692 in
1026 2629 1159 2692 illorum
1184 2628 1299 2695 Ollicio
1321 2629 1358 2694 ad
1377 2647 1399 2691 o·

385 2725 510 2780 atavum
543 2715 573 2799 d.
604 2715 735 2780 additur
761 2714 866 2777 Glorio
899 2714 1010 2791 Patri,
1040 2736 1077 2780 ac
1110 2715 1233 2782 iterum
1263 2718 1400 2802 repetitur

386 2803 545 2887 particula
568 2803 610 2887 rt„
628 2804 810 2884 omissoque
833 2802 911 2887 Ed..
929 2802 1046 2868 dicitur
1067 2803 1108 2867 Tc
1131 2806 1248 2870 Deum.
1266 2805 1303 2871 ln
1325 2806 1401 2869 llissa

384 2909 460 2952 sero
484 2890 640 2954 recitatur
666 2889 772 2954 Gloria
797 2889 828 2950 io
851 2889 988 2965 excelsis,
1007 2911 1131 2957 necnon
1157 2891 1322 2958 Graduale
1343 2909 1399 2956 cun

384 2977 522 3061 Alleluju
547 2987 578 3041 et
611 2979 639 3058 pi.
676 2977 843 3061 sequenti,
867 2998 904 3042 ac
940 2979 971 3041 in
1003 2979 1064 3044 line
1099 2983 1337 3064 pronunciatur
1366 2979 1400 3043 ltc

384 3064 478 3128 Misso
502 3073 561 3127 est:
585 3066 674 3129 color
698 3065 825 3130 demum
842 3074 891 3129 est
908 3065 1036 3130 rubeus.
1062 3067 1160 3132 liobe.
1186 3069 1242 3133 ihi.

429 3151 468 3215 ΙΙ.
494 3151 528 3214 Si
551 3152 645 3216 hodie
668 3152 764 3216 licerit
788 3151 986 3228 Sabbatum,
1010 3155 1042 3217 in
1065 3153 1221 3241 Vesperis
1245 3165 1319 3241 post
1341 3153 1400 3220 Ora·

383 3241 503 3304 tionem
528 3239 577 3304 Ss.
603 3240 824 3305 Innocentium
848 3243 1112 3306 commemoratio
1146 3242 1289 3309 habetur
1311 3242 1400 3308 Domi·

382 3329 463 3392 nicae
480 3325 562 3392 inira
579 3326 731 3392 Octavam
747 3327 940 3402 Natiuitatis,
958 3327 1071 3393 deinde
1096 3332 1197 3396 trium
1214 3331 1400 3396 Octavaruu.

382 3415 514 3480 Festum
531 3436 605 3479 vero
630 3415 827 3498 semiduplex
844 3414 877 3479 S.
895 3415 1025 3480 Thomae
1049 3416 1201 3503 Episcopi
1221 3427 1254 3484 et
1271 3417 1401 3503 Martyris

383 3505 551 3588 reponitur
582 3505 613 3567 in
646 3503 791 3586 proxima
813 3502 908 3566 Eeria
938 3505 1088 3569 secunda.
1113 3505 1333 3573 Nihilominus
1363 3502 1402 3569 nli

381 3588 512 3656 Festum
545 3590 577 3654 S.
602 3590 732 3653 Thomas
765 3590 882 3655 colitur
906 3592 970 3656 ritu
1002 3591 1121 3675 duplici
1156 3595 1279 3659 minori
1301 3592 1401 3679 (utin

382 3676 474 3741 Statu
490 3678 717 3742 Ecclesiastico
741 3686 773 3740 ot
796 3676 899 3764 alibi),
916 3698 979 3743 non
1004 3678 1212 3756 transfertur,
1230 3682 1290 3747 scd
1313 3681 1402 3764 agitur

382 3764 477 3828 etiam
502 3767 533 3828 in
558 3785 694 3830 occursu
717 3763 902 3830 Dominicae.
920 3766 1099 3851 Eapropter
1123 3768 1168 3832 ihi
1194 3771 1227 3834 in
1253 3767 1401 3835 hodiernis

277 3879 290 3900 κ
379 3847 530 3934 Vesperis
561 3853 596 3916 lit
618 3854 723 3938 primo
755 3855 1020 3923 commemoratio
1052 3853 1084 3919 S.
1109 3855 1270 3934 Thomas,
1303 3855 1400 3922 debinc

380 3933 576 4015 Dominicae,
608 3949 772 4024 postremo
805 3942 902 4009 trium
927 3941 1130 4009 Octavarmn.
1155 3943 1219 4010 Ubi
1245 3965 1320 4011 vero
1341 3939 1400 4009 on·

380 4026 465 4093 cium
488 4024 522 4092 S.
546 4026 676 4095 Thomas
699 4028 882 4096 celebratur
904 4031 970 4099 ritu
994 4029 1114 4116 duplici
1138 4034 1255 4119 primae
1280 4031 1398 4102 classis,
