3484 4875
377 483 441 552 560
534 500 709 549 ruuorrnou
724 500 754 545 m
769 496 929 545 noururcss
944 496 981 541 nr
995 494 1103 541 remus
1120 495 1243 541 rncnsrr

356 609 410 677 29.
434 646 478 658 -
502 607 524 675 1.
549 608 609 674 Ubi
639 608 770 672 Festum
792 604 1021 671 Decollationis
1052 602 1086 668 S.
1111 602 1242 668 Joannis
1268 600 1365 686 naum

397 705 448 764 est
470 698 586 784 duplex
609 697 722 781 primae
745 696 882 770 classis,
912 693 963 758 vel
986 690 1185 757 transfertur
1207 692 1238 756 in
1260 689 1324 755 dien
1338 707 1365 753 a·
1408 719 1413 781 j

396 794 521 853 rentem
551 806 635 850 nona
657 785 806 850 Lectione
830 782 869 847 tie
892 782 1024 847 bomilia
1047 790 1105 846 aut
1128 780 1215 847 Festi
1244 777 1365 863 simplicit.
1399 793 1413 835 r

398 882 510 940 octava
533 874 642 939 Lectio
670 873 847 939 absolvitur
870 870 909 936 ad
940 870 1038 935 verba
1064 868 1204 935 Uxorem
1223 868 1315 955 [rutro
1329 865 1367 939 ui,
1400 885 1407 893 “

396 984 481 1029 nona
504 983 579 1027 uero
603 963 647 1026 ita
672 962 839 1027 inchoatur
869 958 1013 1024 Viuccbot
1035 958 1119 1022 euim
1141 967 1204 1025 etc.
1395 986 1399 993 ¹

442 1051 480 1115 u.
504 1051 538 1115 ln
562 1051 657 1115 Missa
678 1049 906 1116 Decollationis
930 1046 961 1112 S.
979 1047 1112 1112 Joanuis
1136 1048 1287 1113 omittitur
1302 1040 1368 1115 tro.

396 1141 458 1205 nisi
484 1139 536 1204 ubi
560 1139 619 1204 sub
643 1140 697 1203 illa
722 1138 979 1203 denominatione
1003 1137 1122 1202 colitur
1154 1131 1368 1223 principalisb
1395 1149 1413 1190 ’πῖ

397 1236 509 1294 tronus
534 1230 580 1292 vel
606 1226 770 1304 titularis,
794 1232 849 1292 aut
871 1226 1005 1309 insignis
1029 1224 1178 1309 Reliquia
1199 1226 1291 1310 ipsius
1309 1219 1369 1310 posti
1397 1255 1413 1278 c

398 1316 502 1396 detur.
526 1316 641 1380 Videris
657 1316 740 1401 quod
763 1316 979 1379 annotavimus
996 1314 1027 1377 io
1050 1313 1133 1377 diem
1150 1314 1196 1379 24
1211 1311 1291 1379 Jcot
1301 1335 1323 1375 u.
1334 1308 1360 1374 11.

442 1403 496 1470 lli.
521 1403 553 1468 Si
578 1405 695 1469 alicubi
718 1404 814 1468 Missa
837 1402 870 1468 S.
889 1401 1015 1467 Sabine
1038 1402 1189 1490 Martyris
1212 1401 1327 1486 legenda
1341 1397 1370 1472 sit
1411 1417 1413 1422 ⁴

396 1493 487 1558 illam
511 1493 647 1577 accipito
671 1513 687 1558 c
712 1492 877 1557 Communi
902 1491 1050 1577 Martyris
1074 1512 1138 1556 non
1161 1492 1306 1574 Virginis,
1323 1486 1372 1553 tto
1401 1507 1411 1544 =:

397 1581 449 1646 Mc
473 1590 723 1669 expectaverunt,
741 1602 812 1645 cum
837 1579 1042 1646 Orationibus
1067 1600 1138 1665 quae
1163 1582 1195 1645 in
1219 1578 1323 1645 Missali
1339 1576 1373 1639 bu
1402 1627 1409 1633 .

397 1668 449 1734 die
473 1670 504 1733 in
530 1680 680 1754 pronrptu
704 1679 788 1733 sum.
1319 1717 1323 1728 .

355 1756 406 1821 50.
431 1794 474 1805 —
499 1756 531 1821 Si
557 1758 696 1842 aliquam
721 1758 760 1823 ob
786 1776 915 1822 cucusam
933 1756 1066 1821 dicenda
1090 1758 1132 1821 sit
1157 1757 1252 1823 Missa
1274 1752 1373 1819 Ssibr·

393 1853 502 1997 {lycum
527 1845 641 1909 Felicis
665 1855 696 1911 et
720 1845 866 1922 adaucti,
884 1846 953 1932 ipsa
977 1845 1068 1910 adest
1092 1848 1223 1932 propria
1246 1847 1276 1910 in
1297 1839 1371 1909 biissub'

418 1954 455 1998 ac
478 1935 548 2017 ipsa
572 1934 632 2007 die.

353 2021 405 2088 bt.
429 2058 473 2070 —
496 2021 531 2086 ln
563 2021 657 2087 Festo
691 2023 722 2089 S.
748 2022 927 2110 Raymundi
958 2021 1096 2088 Nounati
1128 2022 1292 2088 Lectiones
1318 2014 1367 2105 ps!

394 2111 549 2176 Nocturni
580 2119 655 2176 sunt
688 2112 727 2175 ‹le
759 2112 925 2197 Scriptura
957 2120 1158 2178 occurrente.
1193 2113 1223 2177 S.
1251 2112 1285 2184 R.
1312 2101 1371 2174 Η
1410 2159 1413 2186 :

393 2199 487 2265 Mori.
513 2200 594 2264 1851
622 2200 653 2264 iu
683 2200 886 2265 Medr'oioueo.
911 2200 952 2263 nd
985 2200 999 2263 1
1027 2209 1056 2264 ct
1086 2200 1129 2264 ⁶25
1163 2202 1247 2289 Sept.
1273 2191 1373 2265 ituri

393 2310 457 2353 croc
486 2286 684 2353 Vocetiarum
715 2289 756 2352 od
787 2289 838 2354 10.
862 2288 993 2354 Attcode
1022 2291 1118 2354 etium
1146 2279 1374 2377 praescriptos&

394 2377 453 2442 dic·
469 2377 509 2442 15
534 2377 683 2442 Jcoooru'
704 2400 733 2443 n.
758 2377 800 2443 11.

757 2791 1004 2859 ANNOTANDA

603 2995 634 3038 lu
657 2996 817 3041 uoulmcus
841 2997 877 3041 ΕΤ
900 2997 1003 3043 brutus
1027 2999 1153 3044 AUGUSTI

415 3175 445 3240 1.
471 3173 507 3240 In
531 3175 696 3241 Dominioa
720 3179 823 3264 prima
848 3179 982 3264 Augusti
1014 3179 1025 3268 (
1037 3181 1129 3267 junxta
1153 3191 1330 3270 computum
1346 3177 1380 3243 u·

349 3262 567 3330 clesiasticum
591 3266 675 3350 quod
699 3267 806 3332 Mense
830 3270 995 3354 superiore
1020 3269 1256 3338 declaravimus
1279 3294 1306 3336 u.
1328 3265 1380 3332 iit

347 3351 505 3439 tempore)
526 3355 557 3417 in
582 3357 695 3438 primis
717 3354 867 3441 Vesperis
891 3357 1073 3444 Antiphone
1097 3359 1138 3423 ad
1162 3353 1379 3449 Magnificotbrl

345 3439 518 3506 Dominicoe
542 3443 820 3531 commemoratio)
842 3453 891 3509 est
914 3446 1074 3534 Septen-tio
1099 3447 1266 3536 certificavit
1287 3441 1381 3514 stota

346 3549 455 3603 morou
479 3540 575 3616 atque
599 3531 754 3616 incipiunt
777 3532 943 3599 Paraboloe
965 3535 1156 3612 Salomonis,
1184 3559 1201 3602 c
1225 3538 1330 3624 quibus
1346 3550 1379 3618 pt·

347 3623 458 3681 tuntur
475 3618 641 3684 Lectiones
665 3640 722 3706 per
746 3628 845 3686 totam
863 3622 1120 3698 Hebdomadam;
1139 3628 1268 3692 omissis
1283 3637 1379 3712 prorsus

346 3705 549 3790 Antiphonis‚
572 3707 775 3774 Lectionibus
799 3719 831 3774 et
854 3709 1098 3776 Commentariis
1120 3712 1171 3800 (in
1196 3715 1326 3782 secundo
1343 3707 1378 3775 to

318 3805 320 3809 ·
345 3799 458 3856 cturuo
475 3794 659 3882 Dominicae)
677 3795 715 3860 de
739 3797 829 3862 libris
853 3797 986 3881 Regum,
1004 3801 1030 3864 si
1055 3821 1117 3886 qua
1144 3801 1227 3868 iorte
1243 3800 1376 3891 supersint.

412 3878 443 3944 2.
467 3880 640 3949 Dominicis
664 3887 799 3968 Augusti
816 3888 1057 3973 insequentibus
1082 3889 1235 3958 dicuntur
1250 3895 1279 3958 in
1299 3883 1375 3978 pritt't

342 3964 492 4070 Vesperis
505 3971 694 4057 Antiphonae
707 3973 747 4039 ad
759 3974 939 4062 Magnificct
955 3974 1016 4063 (vel
1033 3997 1092 4063 pro
1111 3977 1373 4047 commemoratione

342 4053 538 4145 Domrnrcoa)
560 4080 632 4147 quae
656 4060 809 4149 cujusque
832 4064 1026 4151 praecedenti
1049 4065 1198 4137 Sabbato
1216 4066 1371 4159 praescn'pw
