3484 4875
595 547 600 557 ,
674 502 765 550 mnsx
779 502 879 549 00000
894 501 1075 550 aoranrmua
1325 483 1395 551 177

332 602 502 691 Orgauum
524 606 558 673 in
580 606 677 681 llissa
700 608 904 694 quandonam
928 609 1131 695 prohibetur,
1163 626 1190 672 c.
1215 606 1235 671 11
1259 626 1291 672 0.
1315 609 1358 675 18
1383 617 1416 675 01

377 702 492 761 00001.
516 696 550 760 10
573 694 859 781 Quadragesimam
883 717 914 762 0.
938 696 1016 762 101
1039 698 1071 762 10
1094 695 1275 762 Adventum
1298 716 1329 762 n.
1355 697 1386 761 5.

335 778 402 847 Ova
428 801 490 849 cur
511 782 746 850 benedicantur
769 786 802 849 iu
826 784 995 863 Pascbatc,
1018 804 1091 872 pag.
1116 783 1181 848 170
1205 783 1239 848 10
1261 792 1349 850 0010.

908 959 953 1033 Ρ

339 1130 536 1198 Paramenta
559 1118 667 1219 qualia
684 1154 755 1200 esse
772 1133 899 1209 debent,
916 1154 954 1199 ex
970 1153 1033 1220 qua
1057 1135 1191 1200 materia
1209 1143 1241 1200 et
1257 1134 1417 1220 quomodo

383 1221 495 1286 ornari
520 1230 666 1307 possunt,
691 1222 799 1287 adnot.
825 1222 841 1286 1
868 1222 939 1287 100.
963 1243 994 1288 n.
1019 1221 1071 1287 lV.
1094 1222 1174 1287 Vide
1200 1222 1301 1287 Color.

338 1304 887 1393 100010000001101000011000.
914 1310 929 1373 1
957 1331 988 1376 0.
1014 1310 1065 1375 ld.
1092 1308 1174 1388 Quid
1198 1309 1416 1375 annotandum

382 1394 472 1461 circa
496 1395 643 1463 Officium
673 1406 706 1462 et
734 1397 864 1462 llissam
897 1397 948 1463 die
976 1396 1142 1463 Pasobatis
1172 1405 1203 1462 ct
1234 1395 1316 1462 inlra
1348 1397 1417 1481 ejus

381 1481 557 1560 Octavam,
582 1492 691 1551 annot.
717 1484 748 1549 in
773 1484 864 1551 Dom.
890 1485 1147 1551 Resurrectionis
1170 1505 1201 1550 n.
1227 1484 1242 1547 1
1271 1492 1303 1548 01
1326 1504 1415 1569 seqq.

381 1569 449 1636 Cur
472 1572 605 1639 unicum
627 1572 828 1639 Nocturnum
845 1593 917 1639 cum
935 1573 1038 1639 tribus
1061 1571 1267 1638 Lectionibus
1291 1578 1351 1637 etc.
1369 1591 1417 1637 re·

382 1659 516 1735 citetur,
539 1680 612 1747 pag.
637 1660 701 1725 169
735 1661 767 1725 10
798 1668 885 1726 nota.
911 1659 978 1740 Qua
1003 1661 1042 1726 de
1074 1680 1170 1725 causa
1202 1659 1235 1723 in
1252 1659 1418 1725 Pasobatc

379 1745 617 1813 benedicantur
639 1749 722 1832 Agni
745 1756 777 1813 01
801 1748 878 1826 Ova,
902 1769 974 1834 pag.
999 1749 1064 1814 1711
1088 1750 1121 1813 10
1145 1755 1231 1813 0010.

338 1832 498 1900 Pasobale
522 1842 658 1922 tempus.
676 1834 842 1927 Quomodo
866 1835 1012 1903 Officium
1036 1844 1069 1903 et
1091 1837 1185 1901 Missa
1211 1855 1248 1900 eo
1272 1841 1418 1921 tempore

381 1922 603 2000 celebrantur,
628 1931 736 1989 annot.
761 1924 793 1991 10
817 1924 908 1990 Oom.
935 1924 1190 1990 Resurrectionis
1215 1944 1245 1989 u.
1271 1922 1290 1988 6
1315 1931 1348 1987 01
1365 1923 1417 1989 10.

381 2008 470 2087 Quid
503 2010 723 2097 praestandum
758 2013 785 2076 si
818 2011 938 2076 festum
970 2012 1186 2078 transferatur
1220 2011 1260 2075 ad
1292 2018 1418 2095 ternpus

378 2098 541 2164 Paschale
563 2101 612 2165 vel
636 2118 852 2175 econverso,
882 2099 958 2164 ibid.
984 2120 1015 2164 0.
1041 2100 1082 2164 15
1107 2108 1139 2165 01
1163 2105 1270 2163 00001.
1295 2117 1314 2161 0
1338 2098 1418 2165 Pen-

380 2193 511 2252 tecoste
534 2186 574 2253 ad
598 2186 778 2253 Adventum
802 2207 832 2251 0.
851 2186 870 2252 9
889 2194 922 2251 01
945 2187 997 2252 11.
1015 2186 1079 2252 (lur
1102 2194 1247 2270 tempore
1270 2184 1419 2252 Pasobali

382 2273 525 2359 Allelujc
556 2276 735 2360 sepissime
767 2275 983 2358 ingeminatur
1014 2294 1052 2341 ao
1083 2280 1213 2339 resonat
1240 2272 1273 2336 in
1297 2270 1420 2341 Divinis

383 2360 530 2440 Officiis,
562 2381 635 2449 pag.
659 2363 723 2428 175
748 2363 780 2426 10
804 2371 890 2428 uota.
916 2361 984 2442 Qua
1009 2363 1048 2428 de
1071 2381 1167 2428 causa
1199 2366 1273 2447 post
1296 2360 1420 2429 Pascha

383 2451 537 2535 legantur
560 2453 659 2517 Actus
677 2451 853 2537 Apostolici
877 2459 950 2528 etc,
973 2472 1045 2538 pag.
1063 2452 1127 2516 175
1152 2451 1184 2514 10
1209 2455 1295 2514 0010.
1314 2448 1419 2528 Quare

382 2539 577 2604 omittantur
600 2538 760 2624 Sullragia
783 2537 987 2616 Sanctorum,
1004 2560 1068 2604 000
1092 2560 1167 2604 vero
1190 2556 1420 2605 commemora-

382 2627 431 2692 tio
455 2627 576 2703 Grucis,
599 2626 676 2693 ibid.
701 2629 732 2692 in
756 2627 777 2692 1
801 2635 887 2693 uota.
909 2628 989 2694 Item
1014 2647 1109 2713 quam
1134 2626 1174 2691 ob
1199 2645 1329 2691 causam
1353 2646 1418 2693 nou

383 2714 638 2800 genuflectamus
663 2715 704 2780 ad
726 2714 910 2792 Orationes,
934 2735 1006 2803 pag.
1025 2716 1088 2781 505
1113 2717 1144 2780 10
1169 2721 1256 2780 0010.

331 2803 466 2878 Passio,
490 2803 562 2868 vide
586 2803 748 2868 Domt'uico
773 2803 970 2869 Polmorum.

331 2885 560 2956 Patrocinium
582 2892 617 2954 B.
642 2891 682 2956 al.
706 2891 742 2956 V.
768 2911 830 2967 an,
854 2892 881 2957 si
905 2891 1110 2978 impediatur,
1135 2888 1419 2967 transferendum',

383 2977 495 3044 adnot.
520 2986 594 3065 post
618 2979 636 3044 8
660 2979 739 3044 Nor.
763 2978 798 3044 Si
822 2978 1039 3047 transferatur
1062 2981 1103 3046 ad
1126 2982 1317 3057 Adventum,
1343 2979 1420 3066 quid

382 3067 621 3132 immutandum
645 3067 677 3131 iu
701 3065 812 3134 Obicio
836 3077 868 3134 et
892 3069 998 3146 lllissa,
1023 3069 1100 3136 ibid.

332 3155 561 3220 Patrocinium
585 3154 618 3220 S.
642 3154 762 3241 loseph
786 3164 835 3221 est
859 3157 1088 3222 celebrandum
1112 3157 1144 3222 10
1174 3164 1240 3222 1010
1264 3155 1419 3231 Ecclesia,

383 3241 494 3309 adnot.
520 3249 594 3328 post
618 3242 659 3308 50
680 3244 756 3329 Αο0.
775 3244 857 3323 Quid
881 3246 908 3310 si
932 3244 1147 3309 transferatur
1170 3250 1245 3329 post
1267 3242 1420 3307 Penteco-

383 3338 469 3405 sten,
492 3330 570 3396 ibid.
587 3329 621 3395 Si
645 3339 796 3397 occurrat
818 3331 868 3397 vel
893 3340 1067 3396 concurrat
1090 3349 1163 3396 cum
1185 3329 1268 3394 10010
1286 3329 1419 3414 aequalis

382 3419 479 3494 ritus,
503 3439 531 3484 c.
556 3418 630 3484 10,
655 3419 676 3482 1
700 3418 740 3482 11ι
764 3427 797 3483 01
820 3438 847 3483 c.
875 3417 1072 3483 50111.ο

333 3509 501 3574 Patronus
525 3526 582 3571 seu
605 3506 731 3572 Titulus
755 3504 918 3571 Ecclesia.
943 3504 1025 3585 Quid
1057 3504 1250 3589 intelligitur
1279 3522 1338 3590 per
1360 3504 1420 3569 Pa·

383 3603 517 3660 tronum
539 3594 715 3669 Ecclesiae,
739 3600 771 3658 et
795 3593 871 3678 quid
897 3612 954 3679 per
978 3592 1176 3667 Titularem,
1210 3612 1237 3657 c.
1263 3592 1283 3656 1
1308 3611 1338 3656 0.
1366 3593 1419 3658 11.

383 3681 554 3760 Quomodo
586 3682 747 3747 Patronus
779 3701 835 3747 seu
858 3680 1012 3746 Γ11101000
1043 3680 1196 3745 Ecclesiae
1228 3679 1358 3761 eligitur
1390 3687 1424 3746 et

386 3771 607 3846 constituitur,
631 3768 708 3835 ibid.
733 3790 763 3835 n.
790 3769 842 3834 15.
867 3767 951 3848 Quid
983 3768 1159 3853 requiritur
1181 3775 1217 3833 ut
1249 3767 1318 3854 ejus
1351 3765 1423 3834 uffi-

386 3859 473 3923 cium
497 3858 627 3924 recitari
644 3864 750 3944 queat,
765 3856 841 3923 ibid.
860 3856 929 3936 Quo
954 3856 1015 3934 die,
1033 3876 1096 3942 quo
1120 3857 1183 3921 ritu
1209 3863 1241 3921 et
1264 3876 1282 3920 a
1306 3855 1422 3942 quibus

388 3946 630 4023 celebrandum,
654 3945 730 4012 ibid.
755 3965 786 4012 n.
812 3945 876 4022 16,
901 3946 942 4010 17
967 3953 1000 4011 01
1023 3945 1075 4011 tu.
1100 3942 1136 4009 Si
1158 3945 1191 4009 10
1215 3945 1348 4031 propria
1372 3941 1423 4008 die

357 4041 544 4126 ¹perpetuo
572 4034 788 4122 impediatur,
819 4053 860 4100 00
892 4033 1095 4122 privilegium
1126 4031 1243 4100 babeat
1275 4029 1424 4099 servandi
