3484 4875
673 489 1074 537 rvnnxouaovvovaovmun
1322 471 1398 538 475·

372 604 426 751 {to
451 594 577 749 ddpllilci·
588 596 701 683 prima
724 598 775 663 vel
797 597 947 664 secundae
971 598 1095 675 elassis,
1111 595 1188 664 ibid.
1205 617 1236 663 n.
1259 597 1303 663 lll
1325 607 1358 664 et
1381 619 1409 665 c.

420 706 454 750 ιι.
556 734 564 750 .

328 771 457 839 Nomen
480 772 514 838 B.
538 772 580 837 11.
603 772 640 838 V.
665 774 693 839 si
717 781 867 839 occurrat
899 773 951 839 die
975 773 1094 840 Octava
1120 774 1223 840 Nativ.
1247 772 1349 860 ejusd.
1374 774 1409 841 B.

374 861 417 926 11.
436 860 473 925 V.
490 855 541 925 iel
563 861 697 928 alterius
720 860 818 937 Festi,
842 861 951 929 adnot.
975 871 1049 949 post
1071 864 1089 929 O
1107 862 1195 950 Sept.
1212 883 1243 928 n.
1262 861 1299 927 ll.
1325 860 1410 939 Quid

374 948 402 1013 si
426 948 470 1013 sit
493 948 611 1034 duplex
634 951 746 1035 prima
771 951 884 1015 elassis
902 970 975 1017 cum
990 950 1121 1027 Octava,
1146 959 1178 1016 et
1202 950 1322 1035 quidsi
1340 948 1409 1015 dies

373 1035 496 1101 Octava
519 1045 670 1103 occurrat
692 1039 725 1102 in
749 1036 844 1102 Festo
869 1038 1000 1126 Septem
1024 1039 1178 1104 boiorum
1214 1040 1264 1103 vel
1290 1039 1353 1103 alio
1377 1058 1409 1101 e·

372 1123 504 1209 jusdem
526 1124 562 1189 B.
579 1125 619 1190 M.
637 1125 686 1201 V.,
709 1125 786 1191 ibid.
803 1146 835 1192 ιι.
853 1125 906 1192 111.
932 1127 966 1191 Si
990 1126 1030 1192 ad
1047 1126 1172 1192 Laudes
1190 1125 1246 1191 SS.
1263 1126 1410 1192 Nominis

374 1211 524 1297 Dciparae
547 1213 731 1297 peragenda
754 1214 797 1278 sit
813 1216 1078 1280 commemoratio
1095 1215 1274 1300 cujuspiam
1292 1212 1324 1279 S.
1342 1213 1411 1278 Vir·

350 1300 471 1383 -ginis
494 1300 660 1387 MartyriS,
683 1310 739 1367 aut
761 1300 873 1367 Vidua)
895 1302 924 1384 i.
949 1304 1011 1368 erit
1033 1303 1141 1391 Specie
1166 1311 1230 1378 too,
1254 1301 1363 1367 adnot.
1389 1301 1409 1367 O

375 1386 467 1472 Sept.
491 1387 583 1454 Oom.
608 1386 691 1455 inira
715 1387 785 1455 Oet.
809 1390 913 1455 Nativ.

331 1472 521 1540 November.
545 1476 657 1542 Corin
674 1497 711 1542 eo
731 1477 880 1561 legantur
895 1478 1064 1565 Propheta
1080 1479 1232 1554 minores,
1250 1496 1323 1563 pag.
1342 1476 1407 1542 105

374 1564 408 1627 in
433 1571 521 1629 nota.

334 1647 470 1737 Nuptiae.
495 1649 629 1729 Quando
657 1652 845 1721 solemnitas
868 1645 1060 1741 Nuptiarum
1092 1652 1304 1740 prohibetur,
1336 1671 1364 1718 c.
1389 1652 1406 1715 l

374 1758 406 1803 n.
432 1738 487 1804 Vl.
511 1739 591 1805 Vide
613 1739 709 1805 Misso
732 1736 845 1806 votivo.

851 1914 896 1989 0

333 2086 546 2242 Copurreppia
569 2090 697 2177 quaudo
721 2092 868 2167 babetur,
893 2112 921 2158 c.
945 2091 967 2157 1
990 2111 1021 2160 n.
1046 2092 1077 2156 l.
1101 2091 1180 2157 Vide
1211 2089 1354 2178 officiam
1378 2096 1411 2154 et

405 2197 481 2242 rone
515 2179 567 2243 tio.

328 2264 464 2332 Octava.
490 2263 624 2343 Quando
647 2266 774 2332 Octava
797 2266 1020 2353 prohibentur,
1038 2286 1065 2330 o.
1083 2266 1103 2330 2
1121 2287 1152 2331 n.
1177 2266 1214 2331 51
1243 2272 1275 2329 11
1299 2273 1407 2331 annot.

371 2354 411 2418 in
434 2350 508 2417 fest.
533 2355 627 2440 Corp.
645 2353 718 2419 Chr.
736 2376 767 2419 ιι.
786 2356 817 2421 7.
833 2355 893 2421 Ubi
910 2362 942 2419 et
966 2353 1127 2440 quomodo
1143 2360 1282 2428 cessant,
1300 2361 1409 2419 annot.

371 2443 410 2506 in
440 2437 726 2525 Quadragesimam
749 2465 781 2508 ιι.
804 2445 825 2509 b
850 2451 883 2509 et
903 2452 1012 2508 annot.
1037 2442 1075 2507 de
1098 2441 1180 2508 sesto
1204 2442 1411 2508 Ascensionis

371 2550 408 2596 n.
435 2528 466 2603 8,
491 2529 529 2593 de
551 2528 634 2596 festo
659 2530 752 2617 Corp.
778 2530 852 2596 Chr.
876 2552 907 2596 n.
926 2533 944 2596 7
963 2539 995 2596 11
1018 2530 1126 2595 adnot.
1145 2530 1186 2595 16
1210 2528 1285 2594 Dee.
1311 2549 1343 2594 ιι.
1368 2528 1408 2594 11.

373 2615 440 2694 Qui
462 2615 581 2683 babent
616 2619 818 2704 privilegium
843 2618 1027 2684 celebrandi
1052 2615 1188 2682 Octavas
1211 2618 1243 2682 in
1269 2615 1411 2695 Quadra·

373 2705 512 2788 gesimo,
529 2706 690 2791 quomodo
707 2726 741 2770 se
758 2726 870 2790 gerere
895 2706 1042 2781 debeant,
1059 2713 1167 2771 annot.
1185 2706 1218 2770 in
1242 2702 1361 2783 Quadr.
1379 2725 1411 2770 n.

374 2793 409 2858 8.
435 2789 517 2869 Quid
541 2795 568 2858 si
593 2793 723 2859 Festum
747 2793 868 2859 babens
893 2793 1044 2859 Octavam
1069 2791 1299 2868 transferatur,
1324 2813 1352 2856 c.
1376 2791 1408 2858 2.

375 2902 410 2946 ιι.
438 2879 479 2944 16
504 2889 536 2946 11
560 2880 612 2946 52.
637 2880 671 2946 Si
696 2882 806 2967 plures
829 2880 957 2946 Ootavae
981 2883 1077 2946 simul
1110 2887 1304 2956 occurrant,
1329 2899 1413 2965 quae·

374 2987 453 3033 nam
478 2967 689 3053 preferenda,
713 2968 789 3035 ibid.
813 2991 844 3034 ιι.
871 2969 923 3035 55.
947 2968 993 3035 Ile
1017 2970 1133 3056 quibus
1157 2968 1247 3035 lestis
1271 2968 1306 3034 lit
1329 2967 1413 3033 inira

376 3054 534 3120 Octavam
557 3075 621 3122 non
657 3058 915 3142 privilegiatam,
939 3057 1016 3124 ibid.
1040 3079 1071 3124 ιι.
1098 3057 1150 3123 51.
1186 3056 1352 3136 Quomodo
1376 3055 1412 3121 lit

375 3141 527 3210 Officium
550 3144 678 3211 Octava
694 3145 836 3220 Patroni,
853 3145 1007 3212 Titularis
1030 3156 1104 3220 etc,
1120 3145 1197 3210 ibid.
1215 3144 1292 3223 Quae
1315 3145 1412 3209 lllissa

374 3239 429 3296 est
450 3232 616 3298 recitanda
652 3231 734 3298 inira
758 3232 933 3309 Octavam,
957 3242 989 3298 11
1013 3233 1173 3319 quomodo
1209 3230 1412 3307 ordinanda,

374 3317 454 3384 ibid.
479 3339 511 3384 ιι.
536 3321 588 3384 55.
613 3320 648 3386 si
672 3320 755 3386 infra
779 3320 933 3387 Octavam
956 3329 1108 3386 occurrat
1122 3319 1215 3384 Varia
1233 3318 1336 3403 major
1357 3326 1414 3383 aut

374 3406 505 3490 Vigilia,
529 3427 601 3492 quae
624 3408 721 3473 llissa
745 3417 795 3474 est
818 3409 1025 3482 celebranda,
1050 3407 1158 3472 adnot.
1194 3406 1236 3470 25
1261 3404 1354 3470 Febr.
1379 3426 1411 3472 n.

374 3495 441 3560 Vll.
468 3495 503 3560 Si
526 3494 610 3560 inira
639 3495 791 3561 Octavam
816 3499 959 3562 omnium
983 3495 1175 3561 Sanctorum
1208 3494 1413 3579 persolvatur

375 3581 525 3650 Cilicium
551 3583 698 3650 obtinens
720 3585 850 3650 lllissarn
874 3584 1069 3673 Sapientiam
1094 3583 1132 3649 de
1148 3581 1410 3666 Communiplu·

373 3674 535 3738 rimorum
553 3672 741 3758 Martyrum,
758 3693 798 3738 an
816 3674 859 3738 sit
876 3671 1103 3738 commutanda
1119 3670 1250 3736 Secreta
1268 3670 1411 3735 omnium

374 3761 583 3834 Sanctorum,
600 3759 708 3825 adnot.
728 3761 743 3824 l
763 3760 840 3826 Nov.
858 3781 889 3826 n.
906 3760 942 3825 V.
961 3759 1034 3825 11113
1051 3759 1169 3824 Octava
1186 3757 1301 3843 quibus
1317 3755 1411 3823 iestis

375 3849 476 3923 cedit,
493 3849 559 3913 cll
582 3867 614 3912 ιι.
631 3849 652 3912 b
669 3847 706 3912 1.·
725 3847 798 3912 [ties
822 3846 941 3915 Octava
965 3846 1022 3912 SS.
1040 3847 1192 3933 Corporis
1216 3845 1344 3920 Christi,
1369 3864 1412 3911 an

375 3937 474 4004 cedat
498 3937 688 4021 cuicumque
705 3935 825 4020 duplici
843 3937 955 4022 primae
972 3936 1086 4002 classis
1103 3953 1174 4020 pag.
1194 3933 1256 3998 327
1274 3934 1306 3997 in
1323 3939 1408 3998 nota.

376 4023 546 4106 Quomodo
562 4024 713 4112 Vespevae
736 4022 799 4090 diei
822 4021 951 4090 Oetavae
974 4022 1161 4092 ordinanda
1184 4028 1271 4098 sunt,
1288 4040 1315 4086 c.
1334 4021 1353 4085 5
1376 4039 1409 4086 ιι.
