3484 4875
370 467 412 532 ta
614 486 707 531 66666
723 485 764 528 rr.
782 485 820 529 66
836 485 1157 534 oouuenonnmoumus

343 594 496 659 Octavam
519 594 652 658 alterius
677 588 899 666 Gonlcssoris‚
924 611 962 655 ac
985 601 1101 658 neuter
1139 593 1274 682 propriam
1289 576 1337 680 llll*
1372 571 1384 687 J

345 683 484 769 pbooam
516 690 548 745 et
578 681 607 762 i.
636 679 804 749 obtineat:
839 679 1024 764 Antiphone
1051 679 1178 747 Octava
1200 664 1343 756 introbit*

344 772 405 836 erit
428 789 467 835 ex
490 768 639 835 secundis
670 767 843 852 vesperis,
874 786 938 831 non
962 786 1001 831 cx
1032 770 1167 853 primis;
1198 771 1226 834 iu
1252 774 1326 845 sect⁴

345 866 453 925 autem
480 858 631 942 Vesperis
662 875 699 919 ex
729 854 915 929 Laudibus,
941 863 972 918 et
1009 857 1181 942 utrobique
1213 834 1371 964 6111666116ὓ

348 947 375 1029 l.
401 967 439 1012 en
474 946 586 1031 primis
617 943 778 1028 Vesperis.
803 942 834 1006 S.
860 941 897 1005 li.
926 940 957 1006 C.
984 943 1024 1007 lli
1058 943 1233 1011 Decembris
1261 917 1340 1008 4qu
1356 1002 1382 1051 W

343 1057 407 1099 urio
427 1033 550 1099 Ordinis
565 1032 725 1097 Minorem
745 1029 980 1095 observantium
1004 1030 1046 1094 od
1063 1032 1093 1097 6.
1119 1033 1193 1099 llaec
1215 1014 1384 1141 6616ύῇως

344 1124 411 1187 vari
435 1128 585 1207 oportet,
609 1120 735 1205 quoties
758 1137 817 1203 pro
842 1117 893 1181 die
926 1115 1010 1182 inira
1043 1118 1196 1188 Octavam
1226 1104 1384 1235 666ὤῆΝ

343 1211 426 1276 ratio
451 1231 489 1275 en
512 1207 626 1274 eorlem
657 1206 825 1271 Communi
849 1204 986 1290 petenda
1011 1207 1064 1283 sit,
1088 1208 1173 1273 uncle
1197 1207 1285 1275 Ollicii

342 1297 450 1385 pboua
474 1317 547 1362 cum
563 1296 591 1378 γ’.
614 1295 765 1380 suppetit.
789 1293 826 1358 lcl
842 1313 939 1378 porro
956 1296 1155 1381 praecipitur‚
1182 1317 1221 1362 ne
1236 1255 1384 1405 66ιὶρξ

343 1385 478 1461 eadem,
502 1391 558 1449 aut
580 1384 608 1466 γ’.
632 1389 818 1467 repetatur:
844 1401 907 1466 qua
932 1402 1029 1448 causa
1054 1393 1223 1461 cessante,
1245 1393 1380 1449 omns

341 1475 483 1560 propriis
507 1473 587 1537 locis
604 1470 805 1536 hauriuntur.
832 1470 1005 1555 Propterea
1023 1454 1384 1539 commemorationff

343 1564 386 1627 sti
409 1560 566 1646 simplicis
596 1558 658 1645 (ut
682 1556 731 1622 Ss.
757 1556 943 1642 Euphemiae
967 1566 999 1623 et
1022 1558 1194 1626 Sociorum
1219 1561 1257 1627 16
1273 1558 1366 1644 Se}

342 1649 434 1735 bris)
459 1668 529 1734 quae
554 1648 586 1711 in
609 1646 771 1711 Breviario
796 1646 962 1712 variantur
986 1646 1026 1711 ob
1063 1668 1235 1714 occursum
1267 1634 1384 1713 least

348 1736 439 1803 illem
455 1734 832 1820 Communepertinentis‚
850 1734 877 1798 si
895 1734 980 1799 istud
1000 1735 1228 1813 transferatur,
1244 1744 1274 1801 et
1288 1727 1384 1802 alfi·

344 1825 471 1890 diverso
507 1822 672 1887 Communi
697 1822 912 1904 subrogetur,
938 1830 1004 1887 tum
1029 1844 1147 1890 veroe
1181 1826 1306 1912 propria

342 1911 490 1999 petendae
514 1917 598 1975 sunt.
624 1910 719 1975 liobr.
735 1909 838 1997 pecul.
866 1932 897 1974 6.
916 1910 957 1975 62
975 1921 1003 1976 ct
1019 1910 1050 1975 S.
1075 1911 1111 1977 R.
1133 1912 1164 1977 0.
1186 1914 1229 1978 11
1243 1914 1354 1979 Dect*

342 2002 376 2065 ic
399 1999 581 2065 l'errorieo.
606 1996 640 2063 Si
663 1998 696 2062 in
720 1996 831 2063 Oiticio
855 2018 969 2063 novem
993 1998 1181 2065 Lectionum
1207 2002 1246 2069 de
1274 2003 1377 2088 plant

342 2088 393 2154 Ss.
419 2087 602 2171 Virginibus
627 2093 658 2151 et
693 2086 887 2172 blartyribus
910 2084 1056 2153 iacienda
1080 2090 1123 2152 sit
1158 2092 1384 2156 commemor1‘

342 2177 431 2243 Festi
454 2176 609 2261 simplicis
634 2174 778 2260 ejusdem
795 2175 971 2258 qualitatis,
996 2195 1055 2260 pro
1082 2177 1144 2241 isto
1162 2178 1204 2243 ad
1222 2181 1334 2265 primas
1376 2177 1384 2219 ²

345 2284 458 2352 speras
482 2272 514 2330 et
537 2263 661 2328 Laudes
686 2262 868 2327 adhibenda
892 2264 954 2327 erit
976 2263 1160 2349 Antiphona
1184 2287 1260 2333 cum
1283 2268 1310 2350 pt
1331 2268 1384 2332 cufi

342 2353 585 2419 memorationis
603 2350 652 2415 Ss.
671 2350 837 2436 Perpetua
854 2360 887 2415 et
902 2349 1091 2427 Felicitatis
1105 2362 1141 2417 ut
1159 2354 1176 2418 7
1192 2349 1307 2422 Martii.
1323 2337 1384 2420 bet

340 2443 444 2531 pecul.
469 2464 498 2506 6.
525 2441 566 2505 65
591 2450 620 2505 66
642 2439 673 2504 S.
698 2437 735 2503 ll.
764 2440 839 2504 0.7
875 2440 959 2527 Sept.
986 2440 1072 2506 1660
1109 2441 1140 2505 io
1175 2465 1242 2508 cono
1278 2445 1384 2512 Goooz‘

343 2531 550 2617 Repolorium
573 2528 616 2592 ool
640 2528 691 2591 11.
708 2527 768 2592 Ubi
791 2527 901 2613 plures
920 2536 1094 2593 occurrant
1111 2530 1309 2617 simplicium
1333 2545 1384 2599 oco

342 2619 594 2685 memorationes
618 2635 656 2680 ex
679 2615 793 2681 eodem
816 2613 1007 2692 Communi,
1032 2637 1050 2681 a
1078 2636 1142 2701 quo
1166 2630 1337 2688 sumuntur
1354 2636 1384 2687 6

342 2706 475 2791 tiphona
499 2713 531 2769 et
554 2704 581 2784 l.
606 2723 665 2788 pro
682 2701 793 2768 Oltioio
819 2702 892 2779 clici,
915 2705 981 2769 illae
999 2704 1059 2769 boc
1075 2704 1171 2771 inodo
1196 2719 1345 2792 aguntur.
1362 2762 1376 2774 ,

349 2794 523 2880 Vesperos:
548 2791 656 2855 Prima
673 2790 726 2856 liet
741 2812 799 2877 per
822 2791 1039 2877 Antiphonam
1063 2801 1095 2858 et
1109 2793 1137 2874 l.
1155 2794 1305 2864 baudum
1326 2797 1384 2885 (qm

344 2880 431 2945 enim
456 2899 515 2963 pro
539 2877 588 2943 Ss,
620 2878 797 2964 Euphemia
820 2888 852 2943 ct
877 2878 981 2944 Sociis
1016 2890 1163 2948 sumatur
1186 2883 1364 2971 Antiphone

345 2966 496 3035 secundis
518 2966 670 3053 Vesperis
687 2966 719 3030 iu
736 2988 773 3031 ex
791 2968 945 3054 peculiari
963 2966 1172 3053 dispositione
1188 2981 1250 3048 est,
1270 2976 1303 3040 in
1320 2989 1384 3041 exeo

344 3056 437 3143 plum
460 3055 591 3119 minime
614 3054 824 3129 traducenda,
841 3075 881 3120 ne
898 3075 957 3141 pro
975 3057 1045 3122 aliis
1063 3057 1193 3141 quidem
1213 3061 1384 3150 Martyribu

343 3145 376 3210 S.
401 3143 437 3208 lt.
466 3141 498 3207 0.
524 3142 565 3206 16
589 3140 659 3206 Jon.
687 3143 771 3208 1695
795 3144 828 3208 ic
850 3164 914 3207 ono
942 3143 1117 3210 Galliarum
1133 3145 1166 3231 ):
1193 3145 1384 3236 Secundap

342 3229 561 3317 Antiphonam
585 3250 624 3294 ex
639 3230 788 3296 secundis
811 3232 963 3317 Vesperis
986 3240 1018 3296 66
1041 3232 1070 3314 pl,
1088 3233 1222 3299 secundi
1256 3238 1384 3305 Nectum

305 3368 307 3371 -
342 3320 451 3386 Tertia
474 3339 533 3405 per
555 3319 694 3403 primam
711 3320 929 3404 Antiphonam
946 3328 978 3384 et
993 3320 1021 3402 γ’.
1040 3321 1059 3384 5
1076 3321 1243 3389 Nocturni.
1267 3327 1319 3392 Ad
1339 3327 1384 3393 lor

342 3409 396 3474 cies
411 3429 496 3474 cero:
520 3407 628 3472 Prima
663 3415 776 3491 agetur
811 3427 869 3494 per
893 3408 1109 3493 Antiphonem
1134 3418 1166 3475 ct
1188 3411 1216 3493 p.
1242 3433 1282 3480 ex
1311 3416 1384 3500 prim

342 3495 503 3583 Vesperis:
530 3493 677 3561 Secunda
701 3515 759 3580 per
781 3497 925 3581 priorem
948 3497 1166 3582 Antiphonem
1190 3506 1223 3564 ct
1246 3501 1275 3583 γ’.
1310 3503 1329 3568 3
1360 3500 1383 3569 ll

343 3586 471 3649 cturni:
492 3583 602 3648 'lertia
619 3603 677 3669 per
694 3583 911 3669 Antiphonam
928 3604 967 3649 cx
983 3586 1133 3651 secundis
1149 3586 1259 3674 Vesp,
1284 3600 1316 3657 et
1332 3592 1358 3675 pi.
1379 3610 1384 3653 r

342 3671 363 3734 2
386 3671 561 3736 Nocturno.
586 3672 692 3755 Atque
715 3670 784 3736 baec
805 3671 963 3737 servanda
979 3682 1064 3750 suut,
1082 3676 1207 3741 etiamsi
1225 3697 1384 3748 commem

342 3760 425 3822 ratio
449 3758 492 3822 sit
516 3757 555 3823 dc
579 3759 736 3844 pluribus,
761 3761 945 3846 Antiphona
969 3781 1043 3828 vero
1073 3772 1105 3828 et
1127 3764 1155 3845 i.
1181 3765 1384 3848 singularior

341 3866 431 3910 mero
467 3843 650 3912 efferantur.
675 3847 772 3912 Rubr.
808 3849 908 3936 pecul.
933 3871 963 3913 a.
990 3850 1033 3916 61
1055 3859 1085 3916 66
1106 3852 1138 3916 S.
1164 3851 1201 3917 lt.
1240 3853 1272 3919 C.
1298 3855 1317 3918 5
1341 3853 1384 3919 Mo

342 3934 428 4001 1756
451 3933 484 3997 iu
505 3931 671 3999 Eiuoidleo.
696 3934 730 4001 Si
754 3938 854 4021 priori
878 3957 916 4002 ex
939 3936 1147 4025 Simplicibus
1178 3941 1384 4026 Antiphona·

341 4023 369 4103 l.
393 4024 459 4090 sint
481 4022 721 4108 particulariter
750 4026 935 4111 assignata,
961 4034 1036 4095 tuuc
1072 4032 1334 4097 commemoratio
1363 4048 1375 4092 s
