3484 4875
360 477 424 544 358
613 496 834 545 nonornuouus
850 495 880 541 ru
895 494 987 541 rusca
1002 496 1130 543 aucusrr

383 603 434 668 die
457 600 511 681 bl,
526 603 570 669 ibi
587 602 648 669 boc
671 624 765 670 mane
780 605 814 670 in
830 603 912 668 llart
952 602 1058 687 ologio
1080 603 1204 688 legitur
1219 602 1317 690 primu
1331 604 1383 670 loco

390 692 501 778 Vipiliu
525 692 556 757 S.
580 692 806 758 bartholomei
827 691 888 781 Ap.
940 691 1032 758 einde
1059 692 1192 758 Tuderti
1214 701 1273 759 etc.

431 780 484 846 lll.
510 779 544 845 Si
568 781 685 847 alicubi
709 780 842 867 legenda
867 780 909 845 sit
925 780 1020 846 llissa
1044 779 1094 846 Ss.
1113 781 1290 869 Martyrum
1305 781 1382 847 Timo

384 868 451 933 thei
473 878 506 934 ct
529 868 706 946 Sociorum,
723 871 794 957 ipsa
817 870 938 956 petitur
961 889 978 934 e
1002 869 1172 936 Communi
1199 872 1380 957 plurimorum

384 956 560 1045 blartyrurn
585 957 697 1024 ultimo
721 958 814 1036 loco,
838 977 953 1043 nempe
977 957 1068 1023 Solus
1091 969 1213 1035 eutem,
1237 980 1305 1025 cum
1324 958 1378 1024 Ora-

386 1046 526 1111 tionibus
551 1067 622 1133 quae
645 1048 678 1112 in
701 1046 820 1112 blissali
845 1054 964 1132 praesto
987 1054 1073 1112 sunt.

341 1134 506 1201 llomiuica
530 1134 581 1201 die
604 1144 677 1220 post
701 1134 852 1201 Octavam
884 1136 1121 1222 Assumptionis
1146 1136 1233 1222 apud
1255 1157 1307 1202 nos
1326 1133 1373 1199 offi-

386 1224 470 1288 cium
494 1225 659 1309 peragitur
683 1224 850 1289 Purissimi
875 1222 986 1288 Cordis
1010 1224 1044 1289 B.
1069 1223 1109 1289 ld.
1128 1225 1277 1309 Virginis.
1298 1224 1325 1289 Si
1343 1223 1370 1287 dic
1394 1292 1395 1298 .

385 1310 445 1376 hac
469 1323 620 1378 occurrat
635 1313 765 1377 Festum
789 1313 921 1397 aequalis
939 1313 988 1377 uel
1011 1313 1138 1378 altioris
1161 1315 1256 1390 ritus,
1272 1314 1367 1378 alteror
1393 1312 1398 1353 ’·

384 1399 551 1465 Purissimi
569 1400 691 1477 cordis,
708 1422 746 1466 ex
760 1400 896 1467 Decreta
913 1402 1131 1466 concessionis
1148 1401 1212 1467 diei
1229 1403 1245 1467 l
1263 1400 1367 1467 Octobris
1391 1413 1396 1439 ⁹

387 1480 489 1564 4855ss
507 1491 726 1575 reponendum
742 1498 792 1555 est
815 1489 865 1554 die
889 1490 1033 1573 proxima
1056 1511 1122 1555 non
1146 1490 1308 1575 impedita;
1326 1508 1366 1574 qua
1390 1488 1398 1528 ³

386 1576 414 1641 si
438 1586 547 1643 careat
570 1598 654 1643 noua
677 1578 826 1643 Lectione
850 1577 889 1643 de
910 1578 1041 1643 homilia
1063 1579 1114 1643 vel
1135 1578 1224 1644 Festi
1247 1577 1365 1664 simplicis
1390 1575 1398 1615 ᾗ

274 1716 276 1719 ,
386 1672 498 1730 octaua
521 1665 629 1731 Lectio
653 1667 819 1732 Purissimi
843 1666 955 1731 Cordis
979 1666 1096 1731 desinit
1119 1667 1159 1731 ad
1184 1668 1366 1736 verbalem

388 1753 461 1816 dere
489 1776 653 1831 curem-us,
686 1775 770 1822 nona
792 1775 867 1820 vero
899 1756 1010 1840 incipit
1033 1755 1073 1821 ab
1096 1756 1162 1820 illis
1186 1757 1222 1821 Si
1242 1758 1320 1821 cuim.
1336 1755 1365 1819 lt·
1390 1751 1398 1811 ἓ

389 1848 496 1906 tamen
522 1845 646 1927 quoties
670 1845 812 1910 occurrit
835 1864 905 1909 cum
932 1844 1025 1908 Festo
1050 1844 1277 1910 Decollationis
1298 1844 1323 1909 S.
1338 1840 1365 1906 b

388 1931 480 1994 anuis
496 1931 659 2016 Baptistae,
685 1953 722 1998 eo
747 1933 832 2019 quod
855 1933 949 1999 ambo
973 1933 1164 1998 secundaria
1182 1943 1256 2000 sunt
1277 1942 1305 1998 et
1322 1931 1364 2017 eju
1392 1928 1398 1969 ³

391 2017 464 2083 dem
488 2021 580 2096 ritus
603 2021 723 2087 idcirco
748 2030 816 2087 tum
843 2019 987 2087 Officium
1011 2029 1060 2086 est
1084 2017 1361 2108 persolvendumlt

389 2126 508 2172 russunu
534 2108 646 2175 Lordis
671 2119 780 2197 utpote
805 2108 948 2194 dignius,
971 2118 1003 2174 et
1026 2111 1165 2175 alterum
1189 2105 1364 2177 Decollatiot't

390 2196 659 2264 transferendum.
678 2198 788 2286 Relepe
812 2220 883 2284 quae
905 2198 1091 2264 tradidimus
1107 2220 1133 2264 c.
1151 2200 1173 2263 4
1189 2223 1219 2265 o.
1238 2202 1266 2266 5.
1283 2199 1368 2264 Secula

389 2286 423 2348 in
448 2286 544 2352 Missa
560 2287 728 2352 Purissimi
745 2289 857 2353 tlordis
881 2295 930 2352 est
953 2287 1174 2354 concludenda
1190 2287 1252 2354 Per
1273 2282 1369 2353 cundo

393 2372 562 2440 Forctioout
586 2386 646 2442 etc.
671 2376 719 2442 Ito
742 2376 866 2442 Missolc
890 2376 1064 2442 Romanum
1090 2376 1241 2465 typicum.

350 2461 401 2526 alb.
425 2500 469 2513 -
493 2464 516 2529 Ι.
541 2465 599 2530 Ubi
623 2465 754 2530 Festum
778 2465 810 2531 S.
834 2466 1061 2531 bartholomaei
1084 2465 1268 2534 celebratur
1289 2464 1329 2530 die
1347 2455 1372 2524 ll

390 2550 449 2638 (ac
466 2555 561 2618 etiam
576 2554 640 2638 ubi
664 2555 846 2621 celebratur
869 2555 919 2620 die
942 2555 996 2628 25,
1013 2557 1040 2620 si
1062 2553 1157 2620 hodie
1181 2555 1277 2621 luerit
1296 2549 1377 2618 Sulla»

391 2650 461 2705 tum
478 2641 511 2729 ),
544 2641 759 2712 nouaLoctio
783 2644 968 2730 adjungitur
992 2643 1030 2708 de
1052 2642 1187 2709 bomilia
1210 2644 1323 2728 Vigiliae
1338 2646 1373 2702 cb.

390 2738 426 2793 ut
449 2732 480 2795 in
504 2731 707 2797 Kalendario.
730 2733 772 2797 At
794 2733 849 2797 ubi
873 2734 978 2816 agitur
1002 2732 1052 2796 die
1074 2732 1129 2807 25,
1147 2753 1233 2799 nona
1255 2731 1344 2797 Lectio
1357 2730 1375 2789 at

391 2822 654 2970 conpmemoratio
677 2820 802 2905 Vigiliae
830 2820 946 2908 (extra
971 2820 1176 2909 Sabbatum)
1208 2821 1298 2888 hodic
1316 2815 1375 2883 onit-

393 2913 446 2970 ten
472 2917 573 2973 aest.

438 2994 477 3059 ll.
503 2995 642 3063 Rursum
672 2998 727 3064 ubi
757 2998 889 3064 Festum
919 2998 951 3063 S.
980 2998 1209 3064 bartholomaei
1240 2998 1379 3065 celebratur

395 3081 445 3147 dic
469 3084 533 3160 24,
565 3086 609 3151 ibi
638 3086 700 3164 boc
732 3107 825 3154 mane
848 3089 881 3153 in
905 3087 1132 3173 llartyrologio
1166 3087 1283 3172 legitur
1309 3085 1378 3171 prm

393 3171 467 3237 loco
498 3174 530 3238 S.
560 3173 788 3241 Bartholomoei
813 3175 955 3264 Apostoli
987 3185 1077 3250 etc.;'
1102 3176 1157 3241 ubi
1188 3195 1264 3241 uero
1291 3166 1379 3240 dtett

391 3262 579 3346 peragitur,
603 3263 672 3330 baec
695 3265 758 3330 alia
781 3265 878 3330 verba
902 3264 1010 3350 Vipilio
1033 3266 1065 3330 S.
1089 3264 1312 3332 bartholomei
1329 3262 1380 3348 tp

391 3351 461 3415 stoli
483 3351 687 3436 subroganda
710 3362 795 3418 sunt.

344 3435 402 3504 bd.
427 3477 471 3488 -
494 3441 591 3505 llxtra
608 3441 741 3507 llomam
767 3450 799 3507 et
821 3442 884 3507 alia
901 3439 1047 3528 quadarn
1070 3439 1156 3507 Loca
1173 3463 1245 3528 quaa
1268 3441 1382 3532 Romatt

390 3528 484 3594 Urbis
508 3530 732 3597 consuetudini
750 3530 949 3605 adherent,
982 3528 1111 3595 Festum
1136 3529 1169 3595 S.
1195 3530 1382 3596 Bartholonu

390 3619 536 3703 Apostoli
567 3618 663 3684 bodie
686 3621 814 3702 agitur,
838 3640 877 3684 ac
900 3620 933 3684 in
956 3618 1187 3705 Martyrologio
1221 3621 1319 3707 primo
1337 3617 1398 3682 Ιοοοἰ

390 3704 510 3788 legitur
532 3706 676 3772 Lutetiae.
702 3708 811 3774 Romae
833 3728 910 3773 vero
933 3715 966 3773 ct
988 3707 1080 3772 Locis
1104 3707 1276 3774 antedictis
1306 3695 1383 3795 (apul

391 3813 451 3857 nos
474 3795 509 3860 lit
526 3796 564 3860 dc
589 3795 622 3861 S.
638 3795 817 3883 Hyacintho
834 3793 1035 3882 Confessore)
1053 3794 1163 3862 Officio
1189 3797 1315 3863 additur
1328 3805 1383 3859 nou

391 3881 500 3947 Lectio
524 3884 563 3951 de
585 3885 717 3951 bomilia
740 3885 864 3970 Vigiliae
889 3884 920 3951 S.
945 3884 1195 3963 bartholomei,
1229 3886 1315 3973 cnjus
1333 3882 1383 3946 iton

392 3976 654 4039 commemoratio
679 3975 786 4040 locum
809 3974 906 4040 babet
929 3974 961 4039 iu
984 3972 1146 4041 Laudibus
1170 3983 1205 4040 et
1226 3975 1317 4042 lliasa
1336 3981 1384 4035 cur

390 4060 460 4148 ejus
475 4059 646 4148 Evangelio
670 4063 702 4129 iu
725 4064 830 4130 llissae
853 4062 926 4141 line,
943 4083 981 4130 ac
1005 4062 1135 4131 demum
1158 4063 1245 4132 bina
1268 4062 1383 4131 dicuntu
