3484 4875
640 507 862 553 nnuorrnonns
880 508 1015 553 1333333
1031 509 1097 554 unu
1321 492 1385 559 293

372 608 534 695 Vesperas
558 611 609 676 uel
633 612 748 677 saltem
770 610 962 696 Capitulum,
978 633 1104 678 necnon
1127 614 1159 677 in
1184 613 1332 679 secundis
1349 616 1407 681 Ve-

374 699 481 783 speris
505 700 532 763 si
557 697 615 763 bas
637 700 759 784 pariter
783 700 927 764 obtineat
949 700 966 784 (
974 702 1004 764 S.
1030 700 1066 764 11.
1093 700 1124 765 C.
1149 701 1191 765 15
1215 701 1292 786 Muj.
1320 704 1404 767 1055

376 785 410 847 io
433 785 624 851 Numurcen.
649 786 691 849 cd
714 787 733 851 0
746 786 785 871 ),
810 786 928 851 dicitur
951 786 1094 873 Hymnus
1117 787 1241 874 Murtpr
1264 789 1323 853 Ilei
1351 790 1406 853 Vc·

368 872 496 935 acontius
520 893 619 956 usque
643 873 681 938 ad
706 874 857 937 Sucocusu
882 874 1003 959 tompus
1027 875 1144 938 ustulat
1172 894 1245 939 cum
1271 877 1402 941 cortulu-

369 958 462 1037 sione
485 959 531 1023 Sit
555 960 622 1023 laus
647 959 757 1034 Patri,
790 967 821 1024 et
849 960 890 1023 ad
914 961 1105 1027 blatutiuum
1136 962 1260 1026 Atblctu
1289 963 1405 1027 Christi

370 1046 482 1109 nobilis
499 1047 653 1132 usquead
679 1048 783 1113 finem.
803 1046 836 1111 Si
861 1067 935 1112 vcro
960 1049 992 1111 iu
1016 1049 1127 1133 primis
1144 1048 1294 1134 Vesperis
1311 1051 1403 1115 locus

369 1152 435 1197 non
453 1132 590 1199 adiuerit
614 1134 747 1220 praelato
764 1134 889 1221 Hymno
906 1134 1031 1221 Martpr
1047 1135 1106 1200 Dei
1127 1135 1303 1213 Venaott'us,
1323 1145 1400 1203 tunc

369 1221 528 1285 recitatur
551 1222 591 1286 ad
614 1222 806 1288 Matutinum
830 1221 1026 1307 conjunctim
1059 1242 1131 1288 cum
1160 1233 1251 1307 parte
1276 1226 1402 1309 reliqua

369 1306 496 1371 Atblcto
523 1308 637 1373 Christi
660 1310 718 1373 sub
744 1311 836 1374 unica
860 1310 1066 1375 conclusione
1089 1310 1136 1374 Sit
1160 1311 1227 1374 luces
1252 1312 1351 1387 Patri,
1370 1320 1404 1376 ut

370 1394 403 1458 iu
435 1404 547 1460 nostro
579 1397 752 1461 Breviario.
784 1398 814 1461 S.
847 1396 883 1461 11.
918 1397 950 1462 C.
983 1397 1023 1461 tu
1053 1396 1130 1462 Nou.
1161 1397 1242 1461 1051
1279 1399 1311 1461 lo
1340 1420 1405 1463 scito

369 1480 551 1548 Marsorum
573 1483 615 1547 od
638 1484 691 1549 47.
708 1484 813 1549 Nihilo
838 1491 945 1548 tamen
969 1486 1073 1549 secius
1098 1484 1281 1550 Cavalcrius
1299 1489 1312 1570 (
1325 1487 1404 1551 tob

369 1589 396 1634 c.
424 1569 465 1633 50
490 1570 668 1656 31431)
693 1571 869 1636 arbitratur
894 1571 1142 1657 haudquaquam
1165 1592 1245 1657 opus
1269 1593 1339 1637 esse
1365 1576 1401 1638 ut

369 1654 529 1740 ejusmodi
559 1657 677 1745 Hymni
707 1658 959 1743 conjungantur,
991 1662 1019 1724 si
1050 1660 1214 1743 contingat
1245 1661 1276 1725 in
1306 1660 1402 1725 Festo

360 1744 532 1824 ¹secundas
555 1745 714 1831 Vesperas
738 1746 852 1811 adosse
876 1747 1035 1830 integram
1061 1756 1157 1832 atquc
1181 1746 1319 1813 affirmat
1341 1748 1403 1835 Hy·

368 1850 484 1897 mnum
507 1833 631 1919 Morlpr
663 1834 721 1899 Ilei
748 1834 914 1899 Venoutius
938 1843 1006 1902 tum
1035 1836 1096 1901 dici
1120 1855 1215 1919 posse
1239 1836 1279 1901 ad
1303 1836 1404 1902 blatu-

367 1920 484 1995 tinum,
507 1921 632 1986 Atltleto
658 1921 772 1986 Christi
793 1921 833 1987 ad
858 1921 999 2000 Laudes,
1024 1931 1056 1989 et
1080 1923 1163 1987 Dum
1186 1934 1273 1989 nocte
1297 1925 1330 1988 in
1354 1943 1404 1990 se·

371 2008 488 2073 cundis
511 2009 672 2094 Vesperis.

414 2095 454 2160 11.
479 2095 610 2175 Quoties
634 2095 778 2161 Officium
802 2097 835 2162 S.
859 2098 1006 2163 Venantii
1030 2098 1198 2183 reponitur
1221 2106 1295 2183 post
1318 2100 1400 2164 Peu-

357 2191 525 2259 'tecosteu
543 2185 683 2269 exceptis
708 2186 858 2270 propriis,
877 2186 1072 2270 persolvitur
1097 2186 1143 2249 uti
1166 2193 1256 2250 extra
1274 2193 1402 2272 tempus

366 2270 525 2336 Paschalc
548 2274 652 2357 primo
677 2273 757 2337 loco.
776 2272 874 2337 blissa
898 2281 947 2337 cst
961 2272 999 2335 lu
1021 2272 1144 2345 virtute,
1163 2292 1236 2337 cum
1260 2275 1402 2358 propriis

369 2356 580 2424 Orationibus
611 2357 759 2445 (absque
784 2361 847 2427 ulla
880 2359 1081 2446 variatione)
1110 2367 1208 2444 atquc
1231 2359 1403 2445 Evangelio

367 2446 407 2510 Si
430 2447 497 2531 quis
520 2449 601 2510 uertit
625 2457 685 2510 etc.
712 2448 807 2512 uuor.
832 2448 884 2512 ibi.

322 2531 379 2597 22.
404 2570 449 2581 -
473 2534 531 2599 Ubi
555 2534 738 2601 celebratur
761 2533 907 2600 Officium
931 2533 1149 2619 apparitionis
1174 2533 1207 2598 S.
1228 2534 1341 2599 lacohi
1364 2537 1402 2600 A·

366 2622 511 2706 postoli,
543 2621 593 2707 du.
619 2621 727 2685 brevia
759 2622 855 2685 ctiam
881 2629 1024 2706 tempore
1048 2620 1195 2686 Paschali
1225 2621 1402 2687 haurienda

369 2718 448 2772 sunt
471 2728 488 2772 e
512 2707 679 2773 Communi
702 2709 931 2791 Apostolorum
956 2716 1045 2774 extra
1073 2717 1200 2794 tempus
1223 2709 1404 2787 Paschalc,

369 2794 489 2860 additis
512 2795 671 2880 Allelnjn,
695 2797 742 2860 uti
766 2798 871 2881 palam
896 2797 931 2860 lit
963 2816 1001 2861 cx
1024 2796 1159 2862 Decreto
1184 2798 1402 2862 concessionis

369 2881 472 2947 Officii
497 2903 548 2946 an.
568 2883 663 2947 1740.
688 2884 719 2948 S.
744 2883 832 2948 110.
857 2884 899 2948 05
924 2883 1002 2968 Muj.
1028 2885 1113 2951 1040
1138 2887 1170 2950 iu
1190 2884 1363 2950 Geruudcu.

323 2968 380 3035 25.
406 3005 451 3018 -—
473 2970 509 3033 ln
533 2969 685 3035 Oratione
710 2969 742 3036 S.
764 2971 852 3036 Petri
875 2971 1038 3036 Caelestini
1062 2972 1192 3058 adjungi
1216 2981 1323 3059 polest
1345 2993 1405 3038 vox

371 3056 580 3132 celestinum,
605 3059 722 3143 quippe
746 3079 819 3124 cum
843 3079 906 3123 non
924 3061 967 3123 sit
983 3080 1172 3144 cognomen,
1189 3061 1246 3125 sed
1264 3061 1403 3126 alterum

369 3145 472 3228 ipsius
496 3165 623 3210 nomeu.
647 3147 678 3210 S.
696 3146 732 3210 ll.
753 3146 784 3211 C.
810 3147 1074 3212 7333134413
1089 3148 1282 3214 Mccbliuieu.
1305 3149 1347 3213 od
1369 3148 1401 3212 9.

367 3231 498 3317 Perlepe
522 3233 616 3297 etium
639 3233 754 3297 trudito
778 3234 832 3298 sub
856 3234 906 3298 die
928 3235 949 3299 2
973 3235 1100 3321 Aprilis.

324 3317 380 3384 24.
404 3355 451 3367 —
474 3320 509 3384 Si
532 3319 658 3405 quaudo
683 3321 813 3403 Festum
837 3321 871 3384 B.
889 3322 928 3385 11.
946 3321 982 3385 V.
1008 3323 1100 3387 titulo
1126 3323 1287 3388 Auxilium
1311 3321 1401 3386 Clari·

372 3407 554 3473 stianorum
578 3410 779 3473 concurrerit
802 3428 875 3472 cum
891 3408 1041 3494 Vesperis
1059 3409 1121 3474 diei
1138 3407 1267 3475 Octavae
1284 3409 1402 3474 Ascon-

369 3495 482 3570 sionis,
507 3496 581 3580 quia
605 3494 665 3560 boc
690 3497 722 3559 iu
746 3515 821 3560 casu
836 3495 986 3581 Vespera
1010 3504 1085 3561 sunt
1102 3498 1236 3579 integrae
1253 3496 1292 3560 de
1309 3495 1402 3561 Octa·

369 3603 432 3658 va,
462 3583 534 3647 idco
565 3582 624 3647 sub
656 3583 751 3648 linem
780 3582 896 3670 Hymni
927 3583 967 3647 ad
991 3582 1244 3668 Completorium
1275 3591 1404 3667 oportet

371 3670 479 3735 dicere
496 3671 613 3734 deso...
639 3672 694 3755 qui
715 3676 812 3734 uictor
836 3678 897 3734 cto.
921 3672 952 3736 S.
978 3669 1013 3734 R.
1042 3670 1074 3736 0.
1098 3671 1140 3736 25
1163 3670 1242 3755 Muj.
1261 3671 1346 3737 1055
1371 3671 1404 3734 iu

368 3757 561 3823 Nomurceu.
587 3758 628 3822 od
652 3758 682 3823 9.
707 3758 817 3824 Recole
840 3761 936 3822 ellum
965 3779 1037 3844 puoe
1058 3759 1114 3823 sub
1137 3758 1187 3824 die
1209 3758 1251 3823 15
1275 3758 1347 3824 dou.
1372 3780 1402 3824 o.

371 3844 389 3909 1
396 3845 422 3910 V
443 3845 671 3910 pernotavimus.

326 3933 381 3997 25.
406 3969 451 3980 -
473 3932 497 3997 l.
523 3932 616 4018 Apud
634 3953 691 3997 nos
709 3951 910 4017 quocumque
928 3939 1072 4016 tempore
1089 3933 1271 3998 celebretur
1287 3933 1403 3998 Trans·

370 4020 450 4085 latio
473 4019 506 4085 S.
532 4020 566 4085 P.
591 4021 627 4087 N.
652 4020 833 4095 Francisci‚
864 4020 1029 4086 conclusio
1055 4020 1253 4108 Hymnorum
1277 4021 1318 4085 ad
1343 4016 1402 4084 Ve-
