3484 4875
525 501 747 548 rurorlrroucs
764 503 793 547 m
809 502 900 548 rnsm
916 502 1080 548 novrnnms
1250 486 1313 552 405

314 606 435 675 Octava
459 608 491 674 S.
516 608 678 674 Elisabeth
694 609 813 675 Viduae.
838 608 951 675 Dmnia
986 612 1219 696 persolvuntur
1246 616 1335 679 utin

314 697 374 763 ine
398 699 552 763 breviarii
576 700 688 773 nostri,
713 719 785 764 cum
807 720 890 765 nona
908 699 1067 775 Lectione,
1091 706 1123 765 et
1146 720 1336 768 commemo·

316 789 438 853 ·atione
463 786 495 852 S.
524 788 610 851 Petri
640 787 846 856 Alexandrini
878 789 1025 873 Episcopi
1058 796 1090 853 et
1121 788 1268 876 llartyris
1304 793 1336 857 in

315 873 476 940 Laudibus
500 885 532 940 et
568 876 663 939 blissa
686 885 720 939 ut
743 879 774 939 iu
797 877 846 941 die
869 897 940 942 eum
975 876 1083 941 Credo.
1119 875 1265 944 Dllicium
1299 880 1333 945 D.

315 963 480 1039 ¹leonardi,
497 985 534 1028 ex
551 964 677 1028 lndulto
691 964 723 1029 S.
741 965 777 1029 lt.
795 965 829 1030 C.
842 965 903 1029 diei
923 965 963 1030 m
982 965 1071 1031 llart.
1091 965 1187 1042 1865,
1204 967 1247 1031 ibi
1265 988 1336 1053 per·

315 1062 407 1118 ›etuo
431 1053 598 1138 reponitur
634 1052 684 1117 dic
707 1054 749 1118 ‘ld
774 1053 958 1118 Decembris
993 1060 1157 1139 tamquam
1191 1056 1222 1119 in
1259 1057 1334 1122 sede

315 1160 456 1227 mppria.
655 1185 657 1190 -

353 1231 393 1294 ll.
420 1228 502 1308 Quid
525 1229 742 1315 prestandum
777 1230 829 1305 sit,
854 1231 908 1296 ubi
936 1228 1081 1300 Officium
1117 1230 1149 1296 S.
1185 1233 1271 1296 Petri
1295 1234 1334 1298 A·

318 1319 491 1384 exandrini
526 1319 674 1403 Episcopi
698 1328 729 1383 et
759 1319 907 1408 Martyris
932 1320 1048 1385 colitur
1072 1321 1133 1385 ritu
1171 1322 1332 1407 simplici,

315 1403 406 1472 locet
430 1408 593 1472 annotatio
629 1409 660 1471 in
685 1407 768 1472 diem
792 1409 834 1471 14
857 1409 975 1493 Aprilis
1011 1429 1041 1473 n.
1067 1407 1119 1472 111.
1144 1409 1236 1474 blissa
1274 1412 1335 1475 crit

315 1492 424 1559 traam
448 1496 487 1559 de
511 1496 675 1560 Communi
700 1499 793 1561 unius
816 1496 964 1583 blartpris
989 1497 1162 1563 Pontificis.

341 1621 387 1632 -
411 1583 493 1661 Quid
516 1586 625 1669 peragi
649 1605 729 1669 opus
753 1586 804 1661 sit,
828 1585 883 1649 ubi
908 1584 1035 1650 Festum
1070 1586 1331 1651 Praesentationis

315 1670 341 1736 1,
368 1673 407 1736 11.
433 1673 468 1737 V.
494 1673 676 1738 celebratur
711 1693 783 1737 cum
806 1672 947 1748 Octava,
972 1675 999 1738 si
1029 1674 1124 1739 hodie
1158 1673 1335 1741 Sabbatum

316 1761 430 1825 rrcidat
453 1770 527 1825 autc
550 1760 748 1826 Dominicam
772 1763 909 1847 primam
933 1762 1113 1838 Adventum
1135 1763 1203 1849 jam
1227 1764 1331 1830 decla-

316 1858 416 1915 ¹atum
441 1859 490 1914 est
513 1850 572 1914 sub
597 1850 648 1914 die
673 1851 713 1914 11
738 1850 933 1916 Decembris.

343 1976 389 1985 -
411 1939 435 2002 l.
461 1938 493 2001 Si
518 1937 611 2002 bodie
635 1937 731 2003 luerit
755 1938 949 2015 Sabbatum,
974 1961 1056 2005 nona
1092 1939 1200 2005 bectio
1224 1949 1273 2006 est
1297 1941 1336 2007 de

316 2027 440 2091 romilia
475 2028 597 2110 l'igilim
632 2026 664 2091 S.
689 2028 824 2092 Androm
848 2030 992 2113 Apostoli
1017 2029 1207 2113 anticipata),
1243 2029 1334 2115 cujus

316 2116 575 2180 commemoratio
598 2115 735 2180 babetur
758 2117 789 2180 in
820 2116 981 2181 Laudibus
1005 2126 1037 2180 et
1060 2117 1155 2181 llissa
1190 2138 1262 2182 cum
1287 2121 1333 2204 ip-

324 2204 374 2268 ius
400 2205 570 2288 Evangelio
595 2205 626 2268 iu
650 2204 753 2269 blissce
777 2204 858 2277 line;
884 2203 1033 2269 dicuutur
1068 2212 1225 2289 practerea
1261 2206 1332 2270 duae

316 2291 412 2357 disse
438 2293 679 2368 Conventuales
703 2313 782 2378 quas
805 2294 865 2357 rite
891 2292 1053 2357 ordinabis
1081 2302 1178 2377 prout
1203 2294 1333 2360 tradidi-

316 2398 380 2447 nus
405 2402 432 2446 c.
458 2382 476 2448 8
502 2402 532 2446 n.
548 2383 579 2448 a.
604 2389 636 2445 et
660 2402 747 2467 seqq.
772 2382 817 2446 bc
842 2381 896 2448 ubi
920 2402 1022 2467 neque
1046 2390 1206 2459 occurrat,
1230 2403 1334 2469 neque

316 2472 420 2556 'cponi
457 2492 536 2556 opus
571 2472 613 2535 sit
647 2470 776 2536 Festum
811 2471 941 2557 aliquod
976 2471 1092 2557 duplex
1122 2473 1170 2537 vel
1193 2474 1332 2538 semidu-

317 2561 392 2635 ilex,
417 2558 562 2624 lecium
592 2559 714 2642 Vigilim
738 2560 919 2646 anticipatos
943 2569 992 2625 est
1016 2560 1273 2645 persolvendum,
1298 2582 1331 2625 o-

317 2649 407 2713 nissa
438 2650 470 2713 in
500 2648 660 2714 Laudibus
684 2656 715 2712 et
738 2649 832 2713 llissa
870 2650 1172 2714 commemoratione
1207 2648 1239 2714 S.
1276 2648 1331 2714 Sa·

323 2739 439 2813 umini,
457 2746 488 2803 ut
507 2758 577 2821 quae
595 2737 761 2822 anticipari
786 2745 933 2821 nequeam
952 2737 1035 2823 quod
1053 2758 1181 2822 semper
1202 2758 1332 2804 necesse

317 2835 360 2890 est
383 2827 416 2891 in
440 2825 597 2891 similibus
633 2825 805 2891 observari.
831 2825 977 2891 Dilicium
1002 2847 1098 2911 porro
1124 2825 1246 2910 Vigiliae
1269 2829 1331 2892 rite

317 2914 512 2979 ordinabitur
531 2915 620 3000 juxta
644 2914 729 2979 dicta
753 2915 811 2979 sub
836 2915 886 2980 die
910 2915 953 2981 11
975 2915 1140 2980 Februarii
1166 2936 1196 2981 u.
1221 2914 1259 2982 11.

353 3002 392 3068 ll.
417 3003 495 3068 Cum
519 3003 649 3069 Festum
673 3001 706 3068 S.
730 3002 842 3069 Jacobi
859 3004 898 3068 de
916 3005 1055 3072 blarcbia
1079 3004 1190 3070 incidit
1213 3005 1245 3069 in
1269 3005 1330 3070 Do·

317 3092 460 3157 ninicam
495 3093 631 3178 primam
660 3091 845 3169 lldrentuS,
868 3093 952 3178 apud
989 3114 1061 3174 nos¹
1083 3093 1277 3159 transfertur
1299 3095 1332 3159 in

318 3179 392 3247 liem
418 3182 555 3266 primam
589 3181 774 3247 Decembris
799 3190 961 3267 tamquam
995 3183 1171 3268 proprium.
1197 3182 1332 3247 Robrica

317 3270 408 3334 occul.
432 3293 463 3334 u.
488 3269 562 3334 lDl.

351 3356 404 3422 lll.
428 3357 530 3422 Hodie
553 3355 637 3441 apud
660 3377 718 3422 nos
742 3357 891 3446 Vesperae
926 3378 963 3423 ex
987 3356 1152 3442 privilegio
1184 3363 1258 3422 sunt
1281 3356 1328 3421 in·

317 3465 406 3530 ,egrae
430 3446 469 3511 de
493 3447 637 3531 sequenti
661 3445 755 3512 Festo
779 3447 921 3513 omnium
938 3445 1131 3511 Sanctorum
1156 3447 1251 3511 trium
1275 3443 1331 3510 Dr-

318 3532 419 3601 liuum
442 3534 475 3600 S.
500 3535 535 3600 P.
559 3535 595 3601 ll.
620 3534 783 3600 Francisci
805 3535 817 3622 t
839 3534 935 3599 Febr.
952 3535 1059 3689 pecul.
1084 3558 1114 3600 u.
1139 3534 1202 3600 teo
1223 3531 1233 3619 l
1258 3555 1331 3600 cum

318 3623 612 3690 =ommemoratione
635 3623 668 3688 S.
691 3623 803 3689 Jacobi
825 3623 928 3688 nostri
979 3622 1103 3698 minis,
1128 3623 1255 3689 tametsi
1279 3622 1332 3688 hic

318 3713 461 3778 rroedieto
485 3712 580 3777 Festo
604 3712 827 3786 contineatur;
851 3732 924 3779 cum
952 3712 1022 3778 aliis
1047 3712 1165 3798 quippe
1189 3730 1332 3797 compre·

319 3802 460 3867 tenditur
484 3802 655 3867 universim
679 3808 711 3865 et
734 3800 876 3877 contuse,
900 3821 963 3866 non
986 3820 1063 3865 vero
1087 3800 1275 3866 nominatim
1300 3810 1332 3869 et

318 3909 478 3977 expresse,
513 3909 576 3975 quo
611 3909 673 3955 uno
708 3909 785 3956 casu
818 3890 919 3977 ipsius
954 3890 1215 3957 commemoratio
1249 3887 1333 3955 toret

319 3978 541 4046 iratereunda.
567 3978 695 4044 Consule
719 4000 744 4044 c.
769 3978 788 4044 6
812 4002 842 4044 n.
867 3979 898 4044 8.

349 4065 400 4135 tv.
425 4067 549 4145 Hodie,
573 4070 670 4135 ctiam
693 4067 746 4134 ubi
771 4075 878 4135 actum
901 4065 961 4135 luit
985 4065 1130 4136 Dllicium
1154 4065 1194 4134 de
1216 4065 1331 4142 Ferte,
