3484 4875
452 482 493 551 54
655 503 746 549 claua
762 503 801 548 tv.
819 502 856 547 DF
871 502 1088 548 rannsunrtona
1104 502 1256 548 remonuit

429 609 593 694 dignitatis
627 610 657 676 iu
681 611 880 676 occurrentia
914 612 977 675 vim
1000 610 1122 675 obtinet
1155 610 1251 675 etiam
1279 608 1311 674 iu
1347 607 1479 694 cujusvis
1518 651 1520 656 -

427 699 571 785 primarii
593 698 678 765 Festi
702 700 752 764 die
775 698 891 765 Dctava
915 707 947 764 et
969 698 1052 764 inira
1075 698 1248 774 Octavam,
1282 718 1342 763 neo
1365 716 1427 762 non
1449 696 1476 762 iu
1504 703 1520 748 Ι

428 787 531 853 Fastis
555 788 823 874 semiduplieibus.
840 787 935 852 Rubr.
949 787 1051 876 peccel.
1067 810 1097 852 n.
1115 788 1167 853 no.
1192 786 1303 866 Quoad
1327 785 1423 851 Festa
1437 804 1477 849 se·

428 876 580 953 eundaria
602 876 673 941 vide
695 878 870 942 clausulam
894 876 932 941 ΙΙ.
957 876 1200 962 praecedentem,
1224 883 1256 941 et
1278 895 1305 940 c.
1329 875 1351 939 D
1376 896 1406 939 n.
1430 873 1473 938 15.

493 963 555 1031 lv:
580 963 792 1042 SolemaitaS,
816 985 878 1051 qua
900 964 1030 1030 Festum
1054 966 1085 1029 in
1108 964 1295 1051 particulari
1318 962 1473 1036 Ecclesia,
1498 793 1521 1126 ἶ

428 1055 493 1120 sive
516 1056 725 1120 communiter
748 1074 821 1119 cum
844 1055 914 1119 aliis
929 1053 1004 1119 Loci
1020 1053 1170 1119 Ecclesiis
1187 1054 1252 1118 sive
1267 1051 1473 1139 peculiariter,

428 1141 615 1220 celebretur,
634 1162 696 1209 noa
712 1143 806 1209 modo
823 1162 948 1228 magua,
964 1142 1020 1209 sed
1036 1151 1068 1208 et
1084 1142 1264 1218 mediocris,
1277 1149 1373 1227 atque
1389 1140 1474 1205 etiam
1500 1129 1521 1212 ‚b

1502 1241 1520 1298 il

1501 1299 1513 1390 l.

428 1444 483 1505 bus
510 1441 687 1513 antefertur,
714 1456 778 1517 quae
799 1455 855 1499 non
882 1444 948 1510 sunt
968 1435 1093 1515 duplicia
1122 1441 1136 1499 l
1162 1445 1210 1499 aut
1231 1441 1249 1500 2
1271 1434 1403 1499 classis?
1425 1439 1475 1499 Nee
1512 1427 1520 1461 ¹

425 1521 502 1583 valet
521 1539 670 1599 reponere,
692 1518 719 1579 id
741 1535 796 1579 non
818 1536 854 1577 ex
875 1516 1027 1596 privilegio
1047 1517 1183 1589 evenire,
1207 1517 1257 1578 sed
1279 1516 1349 1597 quia
1368 1520 1476 1578 Festum
1511 1492 1521 1554 ς

423 1601 495 1663 illud
511 1609 554 1662 est
567 1600 672 1679 duplex
689 1597 867 1676 primarium,
883 1605 914 1657 ut
927 1596 1029 1657 asserit
1045 1606 1152 1659 Auctor
1168 1596 1394 1668 Dissertationis,
1410 1614 1478 1657 nam·

426 1700 484 1762 que
504 1682 558 1742 hoc
580 1679 608 1740 in
629 1697 696 1740 casu
718 1676 1016 1748 cederetoccurrenti
1037 1680 1120 1737 Festo
1145 1678 1283 1757 primario
1304 1675 1421 1738 Domini
1439 1684 1477 1737 at·
1516 1685 1521 1709 ³

423 1770 492 1842 pote
512 1757 645 1838 digniori,
666 1757 742 1837 quod
764 1765 858 1817 tamen
881 1761 1001 1818 Decreta
1022 1764 1051 1816 et
1071 1761 1177 1818 Auctor
1197 1758 1258 1836 ipse
1281 1756 1400 1817 minime
1421 1774 1478 1818 con·

425 1841 547 1913 cedunt,
568 1845 655 1900 restat
674 1854 743 1914 ergo
765 1845 796 1897 ut
816 1836 844 1898 id
865 1845 974 1898 tantum
996 1855 1032 1896 ex
1054 1837 1202 1916 priuilegio
1224 1836 1283 1911 liat,
1296 1836 1367 1917 quia
1382 1854 1478 1916 nempe
1510 1841 1515 1942 ι

425 1920 572 1999 derogatio
586 1918 738 1979 intervenit
752 1916 821 1993 legis
835 1916 977 1995 generalis
992 1918 1196 1979 Occurrentiae.
1211 1921 1321 1978 Verum
1338 1914 1479 1977 enimvero
1512 1965 1514 1972 .

425 2001 480 2063 hoc
500 1998 650 2079 privilegio
664 1997 858 2058 tantummodo
879 1996 1045 2058 decoratum
1067 1997 1193 2059 arbitror
1213 2000 1331 2058 Festum
1348 1997 1479 2060 Dolorum

424 2082 508 2143 Feria
531 2085 548 2142 d
570 2086 633 2157 post
654 2076 830 2138 Dominicam
846 2076 989 2138 Passionis
1010 2076 1233 2153 celebrandum3
1249 2095 1304 2137 non
1326 2076 1397 2138 item
1411 2074 1479 2137 aliud
1514 2085 1520 2156 ζ

424 2178 522 2223 mense
543 2156 723 2238 Septembri;
751 2157 817 2236 quia
838 2156 890 2218 etsi
913 2156 1083 2233 primevum
1106 2162 1260 2219 Decretum
1288 2154 1479 2218 concessionis
1516 2163 1520 2254 ‘p

423 2240 454 2303 id
475 2247 587 2313 statuat,
607 2236 763 2318 posteriora
786 2246 880 2297 tomen
902 2236 984 2297 aliter
1005 2235 1169 2314 disponant.
1185 2240 1219 2296 Et
1238 2255 1306 2298 sone
1330 2242 1475 2299 Decretum
1519 2263 1520 2274 ¹

425 2320 557 2400 generale
578 2319 634 2379 diei
658 2321 694 2380 11)
715 2319 832 2393 Augusti
854 2321 941 2389 1817,
964 2316 1094 2395 queamris
1115 2317 1241 2379 declaret
1262 2324 1381 2381 Festum
1403 2313 1480 2379 Dolo
1519 2384 1520 2393 χ

425 2420 491 2464 rum
514 2400 542 2462 in
563 2398 709 2462 Dominica
731 2399 748 2460 3
769 2396 947 2478 Septembris
968 2396 1098 2476 praelerri
1119 2397 1211 2459 Fastis
1233 2397 1404 2538 duplicibus
1424 2412 1482 2458 ma·

424 2481 538 2562 joribus
559 2480 799 2561 quibuscumque,
825 2486 947 2541 attamen
970 2479 1023 2538 boe
1044 2477 1226 2556 privilegium
1247 2499 1262 2539 a
1286 2478 1349 2538 imit
1367 2477 1396 2537 iu
1417 2495 1482 2538 casu
1519 2500 1521 2505 ’

424 2559 637 2633 translationis;
666 2558 813 2638 subjungit
839 2558 916 2619 enim
941 2583 953 2612 ‹
979 2577 1030 2636 per
1051 2559 1167 2619 modum
1189 2560 1296 2638 regulae
1322 2557 1465 2636 generalis
1476 2586 1493 2629 ,·

448 2641 502 2703 uod
524 2640 660 2719 impedita
675 2639 823 2698 Dominica
844 2640 862 2700 3
884 2637 1061 2714 Septembris
1082 2638 1119 2699 ob
1140 2655 1293 2700 occursum
1314 2639 1391 2701 Festi
1416 2638 1483 2699 ritus

425 2660 550 2801 duplicis
568 2723 580 2781 1
598 2719 642 2779 vel
664 2722 682 2780 2
703 2717 811 2790 classis,
833 2719 877 2778 vet
900 2718 957 2778 diei
980 2721 1093 2779 Oetavae
1115 2721 1241 2793 Patroni,
1261 2717 1414 2792 Titularis,
1435 2721 1484 2780 De·

425 2799 575 2862 dicationis
596 2806 668 2868 ete,
689 2797 839 2874 praelatum
860 2801 975 2858 Festum
998 2797 1135 2858 Dolorum
1157 2798 1307 2861 transferri
1330 2799 1437 2860 debeat
1458 2796 1481 2859 ir

425 2878 631 2960 proximiorem
652 2876 838 2949 Dominicam,
854 2876 963 2937 etiamsi
987 2876 1093 2938 incidat
1113 2899 1178 2940 cum
1194 2883 1278 2940 Festo
1299 2876 1374 2940 ritus
1396 2875 1482 2957 dupli

426 2961 469 3022 cis
491 2956 629 3030 minoris,
655 2957 811 3017 dummodo
832 2976 887 3018 non
909 2957 944 3016 sit
965 2957 1027 3018 dies
1048 2960 1153 3019 Oetaea
1175 2957 1309 3030 Patroni,
1329 2958 1481 3028 Titularis,

425 3038 618 3102 Dedicationis
632 3046 683 3098 etc.
704 3058 735 3111 »3
757 3055 826 3114 argo
846 3038 868 3097 si
892 3037 994 3098 ineidat
1018 3038 1045 3098 in
1060 3041 1174 3099 Festum
1190 3039 1297 3119 duplex
1321 3037 1429 3118 majus,
1439 3041 1481 3100 Fe

425 3126 502 3180 stum
524 3118 660 3179 Dolorum
683 3119 712 3178 Β.
735 3119 770 3176 Μ.
792 3121 837 3190 V.,
858 3117 899 3177 uti
920 3137 972 3197 per
993 3136 1025 3178 se
1047 3117 1153 3199 liquet,
1173 3119 1227 3179 erit
1249 3116 1371 3179 ulterius
1394 3128 1479 3180 trans·

426 3198 590 3260 terendum.
612 3202 765 3260 Decretum
797 3215 867 3259 vero
897 3197 954 3258 diei
976 3200 1015 3260 29
1034 3198 1126 3259 ldartii
1150 3202 1222 3262 tant
1248 3199 1276 3259 ia
1302 3198 1484 3260 Volaterrana

425 3277 585 3341 universim
607 3277 762 3339 constituit:
786 3278 921 3356 Officium
942 3279 1056 3355 Septem
1077 3281 1222 3339 Dolorem
1242 3278 1484 3355 transferendum

426 3362 459 3419 lo
472 3363 537 3420 solo
558 3361 748 3418 occurrentia
763 3358 849 3433 (nota)
862 3362 987 3434 oeqnolis
1007 3361 1052 3418 rel
1070 3363 1238 3436 superioris
1258 3361 1348 3429 ritus,
1361 3367 1414 3420 aut
1433 3357 1484 3420 diei

426 3444 552 3512 Octava,
566 3447 662 3518 utpote
684 3439 712 3498 in
733 3438 913 3499 occurrentia
934 3438 1131 3518 aequivalentis
1145 3439 1252 3517 duplici
1272 3438 1419 3501 Delassis.
1433 3439 1484 3500 Sed

429 3520 484 3582 hoc
506 3519 599 3582 obiter
619 3519 726 3580 dictum
748 3526 817 3578 esto.
839 3519 964 3578 Rediens
985 3521 1080 3598 itaque
1101 3519 1135 3579 ad
1159 3518 1359 3598 quaestionem,
1380 3516 1487 3580 affirmo

426 3604 457 3675 S.
472 3603 506 3661 li.
523 3597 774 3676 Corrgregationem
790 3596 964 3658 admittendo
978 3598 1145 3659 sententiam
1161 3617 1248 3678 qrram
1268 3607 1397 3672 tuemur,
1411 3596 1485 3660 nullo

427 3697 548 3758 prorsus
574 3679 657 3739 modo
682 3677 878 3738 auctoritatem
898 3677 1043 3757 propriam
1071 3688 1248 3750 coarctasse,
1276 3676 1316 3738 uti
1345 3677 1488 3740 contendit

427 3764 535 3821 Auctor
555 3757 787 3833 Dissertationis3
814 3776 846 3820 ae
876 3758 996 3837 proinde
1018 3758 1133 3836 penitus
1162 3758 1222 3820 tolli
1255 3759 1437 3838 paradoxum
1462 3766 1488 3819 et

430 3839 589 3899 absurdum
610 3837 686 3919 qnod
708 3837 757 3897 ille
779 3837 910 3917 objectat.
1248 3907 1249 3910 Ἴ

487 3922 528 3979 Ex
549 3918 626 3979 bisce
649 3917 822 3996 argumentis
844 3918 913 3978 milri
936 3917 1018 3978 liceat
1045 3917 1153 3979 interra
1175 3917 1487 3995 amplectendam-esse

428 3997 553 4078 priorem
570 3999 748 4070 sententiam,
761 3998 879 4058 atteram
895 3997 978 4077 plane
993 3998 1194 4060 deserendam.
1207 4003 1415 4062 Verumtamen
1430 4015 1487 4073 rem

431 4086 517 4141 totam
536 4078 698 4160 sapientum
716 4077 826 4162 judicio
847 4079 923 4140 ultro
944 4076 1095 4157 libensque
1119 4077 1242 4142 remitto.
