3484 4875
511 511 732 561 annomrronrs
749 510 1055 559 turnsrcnnnnuann
1228 492 1292 560 185

313 622 366 683 ost
387 618 613 702 crepusculum
636 620 851 707 vespertinum
875 617 1076 705 persolvatur
1091 613 1236 685 Officium
1252 617 1313 685 llo-

315 702 425 780 inicae,
448 706 630 792 Antiphona
653 708 756 774 finalis
779 728 842 774 non
865 707 954 773 lieris
977 707 1121 791 genibus,
1145 706 1203 773 sed
1225 713 1314 775 stan·

314 810 325 855 t
353 794 415 859 erit
437 813 527 879 aeque
550 795 724 862 recitanda.
747 796 912 862 deodato
936 796 1075 862 decreto.

329 880 369 948 V.
393 881 577 969 Antiphona
606 885 759 971 praedicta
788 892 878 951 extra
900 884 1038 950 Cborum
1073 883 1190 950 dicitur
1220 881 1309 950 dum·

315 978 376 1036 xat
399 972 433 1036 in
456 971 518 1037 linc
541 972 757 1060 Complctorii,
780 994 839 1039 nec
863 994 926 1038 non
950 972 1104 1050 bandum,
1120 973 1148 1037 si
1170 980 1246 1039 tune
1269 973 1309 1039 ab

314 1055 401 1125 [licio
420 1060 611 1127 cessandum
628 1063 680 1139 sit,
697 1063 848 1147 alioquin,
864 1062 892 1126 si
908 1062 970 1128 alia
987 1062 1071 1133 Hora
1088 1061 1311 1147 subsequatur,

315 1203 316 1207 ,
343 1148 407 1215 fine
429 1149 553 1215 ultimae
576 1151 678 1217 Horae.
703 1152 738 1218 ln
755 1151 857 1217 Choro
882 1158 988 1216 autem
1011 1151 1164 1216 recitatur
1187 1150 1312 1237 quoties

316 1235 396 1323 iqua
419 1236 506 1304 Hora
529 1241 653 1325 expleta
676 1240 812 1306 eChoro
836 1245 886 1305 est
910 1237 1146 1305 discedendum.
1169 1238 1239 1304 Non
1264 1237 1311 1303 di·

315 1329 373 1392 tur
388 1344 465 1392 vero
488 1336 562 1412 post
578 1329 717 1415 aliquam
733 1328 863 1405 Horam,
886 1327 1013 1413 quando
1030 1348 1102 1393 cum
1119 1325 1230 1394 Officio
1248 1325 1311 1393 diei

315 1408 436 1480 fficium
460 1413 699 1494 Defunctorum,
722 1418 771 1483 vel
787 1425 910 1503 septem
926 1417 1045 1483 Psalmi
1061 1415 1312 1494 Poenitentiales,

315 1510 345 1568 tt
366 1503 500 1568 bitaniae
523 1506 768 1592 coniunguntur.
793 1505 888 1572 liubr.
906 1506 951 1571 tit.
970 1505 1010 1570 tc
1032 1505 1100 1570 nb
1124 1514 1153 1570 et
1169 1504 1198 1569 5.
1223 1502 1309 1569 Nun-

315 1606 384 1657 tam
408 1600 515 1658 tamen
539 1602 612 1679 post
634 1594 883 1681 completorium
899 1594 1066 1669 omittitur,
1083 1593 1213 1660 etiamsi
1228 1612 1311 1679 prae·

318 1685 353 1746 ta
377 1680 525 1746 addititia
546 1684 596 1748 vel
619 1682 809 1749 Matutinum
842 1703 901 1769 pro
936 1681 987 1747 dic
1021 1682 1161 1748 crastina
1194 1681 1306 1747 subse-

315 1778 440 1835 tantur.
473 1768 577 1836 Conci.
602 1781 641 1836 to.
666 1772 686 1837 2
710 1793 736 1867 ⁶,-
760 1772 803 1837 10
826 1772 856 1838 d.
882 1774 901 1837 5
924 1794 954 1837 c.
978 1771 1009 1836 1,
1039 1770 1178 1836 Rursum
1206 1790 1311 1855 neque

315 1858 449 1923 mittitur
471 1867 545 1944 post
567 1861 749 1946 quampiam
772 1861 912 1936 Horam,
942 1879 1014 1925 cum
1038 1858 1168 1925 bitaniae
1199 1857 1308 1944 adjun-

316 1954 408 2014 tntur
431 1966 495 2011 non
518 1948 646 2032 quidem
670 1969 727 2035 pro
749 1951 811 2015 fine
827 1948 939 2024 Oiticii,
964 1946 1021 2014 sed
1043 1967 1102 2034 pro
1124 1948 1215 2013 initio
1232 1946 1310 2013 Ora-

316 2036 386 2101 unis
408 2037 567 2102 mentalis.
590 2038 622 2103 S.
646 2037 682 2103 ll.
710 2038 741 2105 O.
765 2040 785 2105 t
808 2038 872 2104 tut.
897 2036 981 2104 1895
1006 2036 1038 2100 io
1061 2058 1124 2101 ena
1151 2035 1223 2104 Ord.
1252 2035 1309 2101 Ca·

317 2125 500 2190 meinornm.
522 2124 655 2191 Ratione
671 2146 745 2191 uero
762 2127 865 2193 llissae
883 2133 950 2192 tum
966 2125 1068 2191 solum
1085 2124 1312 2211 praetereunda

316 2220 348 2289 tt,
371 2232 445 2279 cum
468 2213 608 2301 aliquam
630 2215 749 2282 Horam
771 2216 879 2282 statim
903 2215 1018 2300 excipit
1048 2212 1143 2278 Missa
1167 2212 1310 2278 Conuen-

316 2301 395 2378 talis,
423 2304 568 2388 quamtis
592 2304 675 2369 lecta
698 2303 750 2390 (S.
774 2304 811 2370 R.
838 2304 870 2369 0.
896 2303 938 2369 ld
960 2302 1051 2368 Febr.
1077 2301 1220 2367 liutto
1247 2322 1310 2367 ntro

316 2389 367 2457 rd.
392 2390 593 2479 capuccium.
621 2392 663 2458 cd
686 2390 749 2480 8),
778 2393 828 2460 vel
851 2392 914 2458 alia
937 2391 1032 2458 llissa
1055 2390 1205 2457 solemnis
1243 2390 1312 2457 sive

316 2494 351 2544 ro
370 2479 460 2557 uiris,
484 2481 549 2546 sive
571 2502 629 2567 pro
649 2480 817 2558 defunctis,
833 2481 924 2567 cujus
940 2480 1135 2547 adsistentiae
1151 2479 1307 2545 Cborales

316 2562 481 2654 bligentur.
514 2569 546 2634 S.
570 2570 607 2635 lt.
633 2570 665 2637 0.
689 2572 732 2637 tl
754 2570 831 2658 Muj.
855 2570 940 2636 1856
975 2571 1007 2634 in
1034 2589 1098 2633 ttco
1130 2567 1203 2634 cru.
1229 2566 1309 2632 Mitt.

316 2654 395 2725 tter.
418 2658 462 2723 od
485 2658 513 2723 7.
545 2658 685 2745 llenique
707 2660 964 2747 pretermittitur
992 2664 1066 2744 post
1087 2655 1209 2722 Nonam
1234 2664 1311 2724 autc

317 2740 430 2821 &nias
460 2745 493 2812 S.
517 2746 614 2814 llarci
643 2756 676 2814 et
704 2749 938 2834 Rogatianum,
967 2765 1160 2833 quamquam
1184 2744 1311 2831 Suppli·

317 2834 374 2901 ttio
398 2833 565 2901 ordinetur
594 2844 668 2923 post
689 2835 933 2904 communitatis
963 2836 1138 2902 discessum
1166 2855 1184 2900 e
1208 2833 1315 2900 Choro

317 2918 404 2989 insito
429 2943 448 2989 a
464 2922 617 2990 Sacristia
633 2934 666 2992 et
688 2936 761 3013 post
777 2927 944 3013 paululum
967 2945 1065 2992 mortu
1088 2924 1131 2989 ibi
1148 2920 1311 2999 faciendae,

318 3026 394 3078 onec
418 3013 540 3079 scilicet
556 3013 728 3081 Celebrans
751 3018 852 3081 sacris
876 3035 910 3082 se
933 3014 1074 3081 vestibus
1097 3010 1246 3078 induerit.
1262 3011 1312 3081 Ec

317 3098 388 3165 ituto
412 3100 542 3166 Decreta
569 3103 611 3168 ud
634 3104 664 3169 8.

317 3223 349 3237 -·
369 3188 393 3256 l.
417 3188 493 3255 Haec
516 3190 583 3257 dies
606 3192 701 3258 tertia
724 3191 890 3258 Februarii
912 3188 1120 3277 relinquenda
1143 3198 1192 3254 est
1216 3208 1315 3253 vacua

336 3287 490 3365 perpetua
513 3278 651 3366 cujusvis
674 3279 776 3347 Officii
799 3281 1024 3365 assignatione,
1048 3285 1083 3343 ut
1105 3278 1256 3343 nimirum
1280 3278 1315 3341 in

318 3384 332 3431 t
353 3368 466 3453 reponi
497 3376 592 3452 queat
614 3369 744 3436 Festum
766 3368 1020 3442 Purificationis‚
1052 3365 1178 3451 quando
1202 3363 1314 3429 incidit

318 3454 548 3522 rbominicam
572 3459 813 3544 privilegiatam.
836 3457 868 3523 S.
891 3456 928 3522 n.
955 3455 986 3521 0.
1011 3455 1031 3520 9
1062 3454 1140 3540 Aug.
1166 3453 1248 3518 1881
1282 3455 1314 3516 t'n

318 3544 641 3631 ingemescendo
664 3548 755 3635 praxi
779 3555 884 3613 tamen
908 3565 971 3611 non
994 3542 1118 3609 videtur
1141 3541 1311 3607 Decretum

318 3631 381 3699 ttud
403 3633 469 3699 vim
491 3653 582 3700 suam
606 3635 770 3703 obtinere:
795 3654 932 3721 namque
954 3633 1064 3699 Romu
1087 3641 1118 3697 et
1141 3630 1216 3696 alibi
1241 3629 1315 3694 huic

319 3720 360 3788 iei
383 3707 530 3789 Officium
561 3723 691 3810 aliquod
713 3731 763 3791 est
785 3723 945 3800 adfixum,
972 3729 1004 3788 et
1026 3740 1119 3787 sacra
1141 3719 1210 3806 ipsa
1234 3719 1313 3784 lion·

319 3810 443 3896 negatio
459 3810 616 3897 ejusmodi
640 3814 730 3899 praxi
746 3813 875 3880 minime
896 3810 1086 3896 refragatur,
1104 3809 1221 3895 qnippe
1243 3827 1316 3873 cum

318 3918 379 3967 nno
404 3900 490 3966 1858
514 3908 660 3968 nostrum
684 3901 908 3989 adprobaverit
929 3899 1177 3966 Franciseanum
1201 3897 1315 3965 llalen·

318 3989 433 4065 arium,
450 3990 482 4055 in
506 4008 568 4074 quo
586 4011 699 4077 nempe
722 3991 790 4057 dies
813 3992 882 4056 banc
905 3987 1015 4058 Officio
1038 3987 1072 4053 Β.
1090 3985 1218 4053 Odoriei
1240 4005 1312 4073 per·

319 4088 392 4148 etuo
416 4079 579 4166 assignata
601 4079 771 4171 reperitur,-
796 4076 927 4174 Quoties
951 4097 1048 4184 porro
1072 4075 1132 4157 bac
1160 4074 1210 4150 tie
1241 4073 1315 4144 ttttt-
