3484 4875
502 397 599 445 cnnor
615 400 648 445 ιι.
664 393 706 444 nn
720 396 876 445 »crunnus
895 397 997 445 rnsrrs
1013 398 1153 446 aocoaurr
1302 380 1342 448 11

286 525 348 571 ouo
369 502 499 571 Nullius
521 504 685 571 Sullocco.
702 504 765 570 Per
787 504 849 570 hoc
873 506 1101 591 praceptivum
1125 503 1298 573 Decretum
1321 518 1370 574 re

286 601 400 659 vocata
424 592 576 660 videntur
597 593 803 679 antiquiora,
832 593 949 679 quibus
973 594 1098 660 scilicet
1121 594 1195 659 data
1219 596 1296 662 olim
1319 595 1365 662 la·

283 683 390 747 cultas
415 690 468 747 est
490 682 674 747 celebrandi
697 681 883 747 incivitate
906 689 938 747 et
961 701 1020 766 per
1043 680 1212 748 Dioeeesim
1236 683 1368 751 Festum

285 770 365 836 illud
387 770 449 837 sub
474 771 538 835 ritu
563 770 684 856 duplici
707 770 822 855 majori
845 769 894 834 vel
920 771 1036 835 minori
1062 773 1241 837 tantumn
1266 771 1369 857 Regu-

285 857 409 925 laribus
440 878 517 924 vero
541 858 577 924 fit
606 860 711 924 solum
736 857 796 923 sub
819 859 884 923 ritu
910 850 1073 945 duplici'd
1099 860 1212 924 classis
1244 868 1275 925 et
1299 862 1368 928 sine

285 944 416 1023 Octava,
434 954 469 1012 et
491 946 621 1032 quidem
642 947 672 1012 si
696 947 728 1010 ia
751 946 884 1011 Ciuitate
907 947 958 1011 vel
982 943 1117 1032 Oppido,
1132 955 1190 1012 aut
1214 946 1368 1025 Civitatis,

286 1032 444 1121 Oppidive
468 1032 662 1111 suburbiis,
692 1034 830 1119 aliisque
860 1035 940 1099 locis
970 1034 1011 1098 ad
1034 1036 1177 1120 aliquam
1198 1035 1368 1108 civitatis,

286 1120 442 1209 Oppidive
465 1122 642 1189 Paraeciam
670 1121 906 1209 pertinentibus
930 1130 1120 1196 morentur;
1152 1143 1214 1189 non
1240 1124 1317 1189 item
1341 1128 1369 1190 si

286 1211 331 1288 in
352 1212 426 1277 aliis
456 1210 611 1277 Dioecesis
641 1210 788 1296 partibus
823 1210 951 1293 degant.
984 1209 1079 1275 liuor.
1110 1212 1212 1297 pecul.
1243 1234 1273 1276 a.
1307 1213 1367 1291 11,

285 1298 315 1364 S.
339 1298 375 1365 il.
404 1300 437 1365 0.
469 1300 490 1365 2
519 1298 598 1385 trop.
624 1299 710 1365 tutu
742 1298 774 1361 in
806 1298 977 1373 Cononem,
1002 1298 1018 1362 1
1045 1299 1123 1385 Apr.
1152 1299 1237 1364 tuot
1269 1299 1362 1367 Docr.

286 1408 400 1470 omer„
426 1387 468 1453 19
491 1387 577 1475 Sept.
602 1387 688 1451 1150
722 1386 754 1450 in
778 1408 841 1450 ono
864 1386 988 1451 Nullius
1011 1386 1175 1451 Sublocou.
1201 1399 1230 1453 et
1256 1388 1361 1453 Coool.

287 1484 325 1541 to.
350 1476 366 1540 1
394 1497 422 1541 c.
449 1476 465 1540 1
492 1474 523 1540 d.
548 1474 567 1539 7
591 1497 622 1539 o.
647 1476 677 1540 8.
703 1475 852 1540 Attamen
882 1474 1114 1539 advertendum
1147 1485 1217 1550 cst,
1248 1477 1302 1541 ubi
1329 1498 1366 1541 ex

288 1561 413 1629 lndalto
430 1564 628 1650 Apostolico·
641 1582 704 1629 una
728 1560 906 1647 eademque
919 1561 979 1630 ¹die
999 1563 1184 1629 celebratur
1200 1564 1367 1631 Dedicatio

289 1653 429 1719 emnium
453 1652 550 1717 simul
574 1651 794 1717 Ecclesiarum
817 1652 917 1717 totius
939 1649 1104 1725 llioeoesis,
1129 1660 1205 1718 turre
1226 1672 1246 1719 a
1271 1654 1365 1719 utero

240 1811 242 1818 ¹
289 1738 441 1807 Seculari
465 1740 545 1806 nihil
568 1740 638 1806 lieri
667 1759 762 1826 posse
785 1740 975 1823 singillatim
1007 1738 1045 1804 de
1069 1739 1276 1807 Dedicatione
1305 1742 1364 1810 Ec·

240 1827 245 1848 ‘
290 1830 389 1895 clesiae
407 1828 609 1894 Catlredralis
633 1830 683 1894 vel
707 1828 798 1914 qua'si
817 1826 1029 1902 cathedralia,
1046 1828 1101 1892 sed
1127 1829 1295 1895 dumtaxat
1311 1850 1365 1913 ge-

291 1918 422 1982 neratim
446 1936 602 1983 unacum
626 1918 742 1982 ceteris
767 1916 929 1981 Ecclesiis
954 1914 1029 1979 Vide
1044 1937 1142 2003 supro
1159 1941 1188 1982 o.
1208 1918 1238 1982 u.
1257 1918 1282 1983 Α
1307 1918 1366 1983 llo-

291 2005 454 2087 gularibas
479 2013 587 2070 antem
610 2024 647 2070 ca
672 2004 723 2069 dic
743 2003 781 2069 tit
813 2013 848 2068 ut
869 2003 967 2089 paulo
989 2012 1066 2068 anto
1089 2006 1275 2081 innuimus,
1304 2008 1365 2071 nisi

239 2075 249 2180 i
290 2091 455 2177 praelatum
479 2092 644 2160 lndultum
667 2091 773 2178 quoad
796 2092 884 2177 ipsos
909 2092 1003 2156 alitor
1027 2112 1176 2178 expresse
1203 2093 1365 2160 decernat.

239 2189 245 2244 ἰ-
348 2182 404 2246 15.
429 2180 562 2249 Festum
585 2201 642 2246 seu
663 2180 809 2246 Officium
833 2179 1049 2245 llcdieationis
1075 2189 1107 2245 ut
1132 2202 1241 2267 supra,
1258 2185 1364 2266 quoad

291 2266 414 2335 uterum
437 2270 478 2333 iis
502 2270 656 2336 Ecclesiis
679 2270 817 2335 strictim
835 2288 898 2333 non
917 2267 1093 2342 addictum,
1119 2277 1228 2355 utpote
1252 2290 1365 2335 secun·

291 2354 421 2434 darium,
446 2378 520 2424 eum
546 2358 584 2423 de
609 2357 752 2422 Ecclesia
775 2358 905 2444 propria
930 2376 993 2421 non
1019 2365 1144 2441 agatur,
1169 2359 1200 2421 in
1227 2358 1364 2443 paritate

291 2447 363 2512 ritas
388 2455 458 2513 tam
482 2448 514 2512 in
538 2447 742 2513 occurrentia
766 2466 861 2532 quam
890 2447 921 2509 in
948 2447 1172 2510 concurrentia
1197 2449 1363 2533 postponi·

293 2543 336 2600 tur
358 2535 467 2602 Pestis
490 2535 617 2602 llomini
641 2536 739 2600 etiam
762 2534 962 2600 secundariis
986 2554 1023 2599 ac
1047 2535 1209 2619 primariis
1234 2534 1365 2600 Sancto-

292 2643 367 2701 ram,
392 2625 542 2710 mamus
565 2625 653 2689 nulla
677 2623 821 2709 polleant
844 2622 962 2705 insigni
985 2622 1151 2706 dignitate.
1183 2623 1258 2688 Vide
1281 2625 1364 2710 infra

292 2733 314 2775 c.
337 2713 359 2777 1
383 2735 414 2778 n.
441 2711 462 2776 E
486 2712 531 2778 ll'
555 2721 584 2778 et
608 2734 634 2777 o.
659 2712 679 2775 5
703 2734 733 2775 n.
757 2710 777 2776 2
801 2710 857 2776 11?
881 2709 957 2797 Ejus
981 2719 1087 2776 autem
1112 2709 1287 2778 Octavam
1312 2733 1365 2777 oc-

293 2801 451 2866 currentia
476 2801 682 2887 postponitur
710 2819 837 2885 quoque
861 2797 989 2864 Octavis
1013 2798 1168 2885 cujusque
1192 2799 1279 2866 Festi
1302 2801 1364 2866 llo·

293 2889 384 2966 nini,
415 2908 477 2954 nec
501 2909 564 2954 non
594 2887 765 2954 Eestorum
797 2887 836 2953 de
859 2886 988 2952 Sanctis
1012 2908 1083 2972 quae
1111 2890 1176 2954 sint
1199 2890 1362 2976 primaria.

298 2975 368 3043 Vide
392 2977 477 3064 infra
502 3000 531 3042 o.
557 2977 609 3042 55.

415 3157 482 3251 De
503 3155 698 3221 Patrono
719 3175 798 3221 seu
819 3155 1008 3220 Titularl
1031 3155 1233 3221 Ecclesiae

352 3333 406 3399 11.
431 3333 593 3399 Patronus
624 3333 776 3400 Ecclesia
808 3335 939 3421 proprie
968 3333 1085 3400 dieitur
1117 3332 1254 3398 Sanetus
1286 3333 1361 3406 ille,

297 3420 337 3484 cui
359 3420 505 3487 Ecclesia
529 3421 635 3487 dicata
658 3430 726 3496 cst;
750 3422 875 3488 Titulus
893 3442 967 3488 vero
992 3422 1179 3509 Mysterium
1203 3419 1283 3485 illud
1307 3440 1365 3485 seu

299 3523 339 3573 res
360 3529 465 3585 sacra,
489 3529 508 3575 a
532 3531 595 3596 quo
619 3512 671 3576 uel
692 3531 712 3575 a
736 3531 799 3596 qna
822 3510 967 3577 Ecclesia
989 3511 1057 3597 ipsa
1075 3509 1311 3584 denominatur,
1329 3519 1363 3574 ut

299 3589 325 3658 S.
338 3595 489 3673 Trinitas,
514 3596 546 3663 S.
565 3598 649 3663 Crux
673 3606 734 3664 eto.
758 3599 851 3685 Saepe
876 3608 982 3663 tamen
1000 3599 1160 3665 Patronus
1177 3607 1209 3663 et
1225 3597 1363 3672 Titulus,

303 3697 347 3747 ceu
368 3705 468 3751 unum
493 3693 525 3751 et
548 3685 644 3763 idem,
668 3687 851 3774 promiscue
876 3695 1083 3772 usurpantur.

355 3771 406 3838 l5.
430 3773 590 3840 Patronus
613 3795 671 3840 seu
694 3774 820 3840 Titulus
844 3774 997 3840 Ecclesiae
1021 3776 1151 3860 eligitur
1178 3775 1211 3840 in
1235 3773 1364 3839 benedi-

305 3856 392 3956 ctione
413 3862 560 3947 primarii
583 3862 700 3949 lapidis
717 3883 775 3949 pro
798 3863 942 3929 Ecclesia
966 3863 1162 3939 aeditieanda,
1183 3884 1221 3928 ex
1239 3870 1362 3950 prrvato

307 3949 384 4013 caan
405 3948 613 4018 fundatorum
637 3952 686 4016 vel
711 3952 859 4028 aliorum,
884 3951 925 4017 ad
949 3970 1029 4036 quos
1053 3960 1190 4038 spectat,
1211 3950 1362 4036 henepla-
