3484 4875
361 475 425 541 tet
613 494 836 543 nnnornrnouns
853 493 883 540 m
898 493 991 541 resen
1006 493 1144 543 umnamn

383 600 534 668 Praelatio
566 600 717 679 Octavae,
749 602 777 666 si
808 600 877 666 baec
905 602 1072 687 propriam
1094 601 1241 670 haberet.
1271 602 1309 669 lio
1330 604 1377 689 ipso

386 691 471 775 quod
495 691 563 757 haec
580 690 696 775 Vigitia
719 710 782 756 non
807 689 849 753 sit
872 691 1053 755 eommunis
1076 709 1134 756 seu
1159 690 1289 769 ferialis,
1303 712 1381 759 occur·

384 785 475 843 rente
498 782 530 845 in
555 799 591 845 ea
608 779 703 845 Festo
730 776 861 862 duplici,
878 778 911 842 in
935 775 1184 845 cathedralibus
1208 787 1240 845 et
1263 780 1383 865 Collegit·

386 868 426 930 tis
450 868 581 932 minime
606 865 807 933 celebrandae
831 873 927 930 erunt
950 865 1021 931 duae
1044 865 1151 932 blissae
1175 867 1385 944 conventuales

384 955 441 1019 secl
467 964 592 1021 tantum
615 956 711 1020 lllissa
736 954 775 1019 de
799 952 893 1017 Festo
926 973 999 1018 cnm
1032 958 1331 1022 commemoratione
1348 956 1384 1020 lli·

384 1044 468 1124 giliae
500 1054 532 1108 et
563 1042 707 1128 ejusdem
731 1041 903 1125 Evangelio
928 1042 960 1106 in
984 1041 1057 1107 fine.
1084 1042 1190 1109 Coeol.
1218 1055 1258 1109 to.
1281 1045 1300 1109 2
1320 1067 1340 1109 e.
1358 1041 1412 1110 lis

383 1131 413 1193 d.
439 1132 460 1195 lt
482 1154 512 1195 a.
539 1132 568 1196 7.
596 1131 713 1199 liudem
737 1128 852 1212 Vigilia
884 1130 1026 1195 estsine
1054 1131 1178 1215 jejunio
1203 1140 1329 1219 propior
1349 1134 1385 1197 la·

385 1219 486 1284 titiam
512 1219 635 1284 Natalis
659 1218 796 1283 Domini.
824 1216 899 1281 ch.
920 1238 954 1305 p.
982 1219 996 1282 l
1027 1217 1071 1282 ue.
1097 1218 1116 1281 b
1141 1241 1172 1284 o.
1198 1220 1230 1285 6.

430 1306 480 1371 lV.
505 1307 563 1373 Ubi
601 1305 633 1371 S.
658 1305 876 1389 Telesphorus
911 1306 1065 1371 recolitur
1088 1306 1153 1371 alia
1185 1306 1238 1371 die
1273 1308 1386 1373 subritu

385 1394 505 1480 duplici
536 1403 591 1459 aut
614 1394 839 1479 semiduplici,
871 1391 962 1458 nihil·
982 1393 1018 1458 fin
1040 1392 1136 1467 bodie
1169 1394 1208 1461 de
1233 1416 1280 1461 eo.
1302 1398 1338 1462 bc
1356 1396 1384 1457 ita

384 1502 513 1567 semper
529 1483 748 1568 prestandum
773 1489 822 1546 est
845 1482 877 1545 in
902 1481 1072 1546 similibus.
1089 1481 1183 1548 Illius
1208 1493 1303 1570 porro
1317 1483 1383 1549 blissa

377 1578 427 1634 est
450 1571 631 1635 Sacerdotes
655 1570 713 1636 Del
736 1569 774 1634 de
799 1568 977 1635 Communi.

342 1657 371 1722 (i.
396 1694 440 1705 -
462 1658 485 1721 Ι.
511 1659 627 1723 Primae
643 1658 794 1744 Vesperae
818 1657 1004 1742 Epiphaniae
1022 1666 1164 1741 aguntur
1187 1660 1305 1745 absque
1325 1676 1380 1723 eom·
1411 1694 1419 1721 .-

386 1748 627 1821 memoratione,
653 1747 713 1811 nisi
737 1745 819 1810 forte
844 1745 895 1809 die
919 1746 1029 1829 quinta
1053 1746 1252 1829 precedenti
1275 1747 1379 1813 celebra·
1417 1803 1419 1807 .

372 1841 454 1920 tum
479 1832 576 1899 luerit
600 1834 716 1919 duplex
739 1834 852 1919 primae
877 1841 932 1897 ant
955 1833 1104 1898 secundae
1130 1836 1262 1911 classis,
1286 1836 1326 1899 rel
1344 1833 1380 1897 bac

386 1921 437 1985 die
461 1933 548 1987 sexta
575 1929 724 1987 occurrat
748 1922 815 1986 dies
833 1920 952 1986 Octava
977 1942 1013 1985 ex
1038 1922 1207 2005 privilegio
1224 1924 1366 2010 permissa.
1414 1944 1419 1984 j

363 2060 365 2063 Α
430 2010 468 2074 11.
495 2010 527 2073 Si
546 2010 722 2096 Epiphania
748 2008 897 2073 inciderit
913 2009 945 2073 in
963 2008 1175 2085 Donninicannn,
1193 2010 1233 2077 de
1257 2011 1310 2076 hac
1329 2005 1379 2074 nibil

388 2096 433 2171 fit,
458 2100 576 2184 quippe
601 2118 674 2162 eum
698 2105 799 2161 vacet.

430 2185 483 2250 lli.
509 2186 544 2251 ln
563 2188 656 2251 tertio
673 2186 837 2251 Nocturna
855 2184 1001 2250 Mattntini
1018 2183 1205 2270 Epiphaniae
1224 2187 1274 2252 Ps.
1292 2181 1362 2250 duod
1373 2215 1380 2228 ·

384 2284 489 2338 utente
513 2295 586 2339 eum
610 2293 668 2338 sua
685 2274 868 2359 Antiphone
892 2293 955 2338 non
980 2272 1098 2337 dicitur
1122 2273 1229 2351 bodie,
1254 2274 1306 2339 sed
1325 2268 1380 2336 inira

385 2360 538 2427 Octavam
563 2364 630 2425 vice
648 2362 767 2425 Psalmi
791 2370 823 2426 et
847 2361 1038 2448 Antiphone
1067 2360 1185 2426 Venite.
1210 2361 1348 2428 Octavum
1364 2376 1381 2440 q.

386 2470 425 2514 ex
454 2451 578 2515 duobus
603 2458 727 2515 constat
761 2451 936 2514 asteriscis.
962 2449 997 2515 ln
1020 2449 1207 2534 hujusmodi
1230 2458 1327 2516 autem
1344 2447 1381 2510 lle·

386 2540 565 2624 sponsoriis
598 2540 687 2625 prior
710 2538 858 2623 repetitio
891 2546 964 2622 post
987 2537 1125 2602 Versum
1150 2540 1295 2624 aprime
1322 2536 1382 2600 dun·

365 2635 475 2690 taxat
498 2627 537 2690 ad
563 2626 739 2692 seeundum
772 2627 963 2691 asteriscum
987 2623 1133 2691 ducenda
1158 2637 1229 2702 est,
1263 2647 1298 2691 ac
1316 2620 1383 2688 uerba

388 2714 428 2777 ab
452 2715 554 2777 altero
580 2716 736 2779 asterisco
762 2733 862 2798 usque
887 2713 926 2778 ad
951 2712 1087 2778 Versum
1122 2734 1181 2799 pro
1206 2712 1335 2780 secunda
1353 2726 1382 2772 rc·

387 2801 541 2884 petitione
566 2811 641 2866 sunt
663 2802 867 2867 reservanda.
892 2801 923 2866 S.
942 2801 978 2865 R.
999 2801 1030 2866 θ.
1057 2802 1074 2866 7
1100 2801 1174 2867 Dee.
1195 2803 1282 2868 tant
1303 2804 1328 2867 io
1344 2794 1383 2862 ll·

390 2887 532 2953 clale'ol'eo.
558 2890 599 2952 ed
623 2891 652 2955 7.
678 2890 716 2977 (Ἴ
889 2908 892 2913 ’

595 3063 1160 3076 -ι--Μ

400 3167 434 3241 (‘)
446 3167 527 3227 Ritus
543 3166 694 3228 inchoandi
710 3186 745 3227 ex
761 3167 885 3245 abrupto
902 3169 1071 3229 Matutinum
1085 3170 1259 3246 Epiphaniae
1274 3179 1314 3232 est
1326 3161 1388 3228 vetuti

342 3245 498 3325 reliquium
516 3247 622 3305 steteris
637 3247 863 3318 consuetudinis,
878 3265 944 3325 qnae
959 3266 1011 3324 pro
1027 3252 1128 3326 quovis
1144 3253 1284 3311 Matutino
1299 3249 1354 3311 olim
1365 3243 1390 3302 ti·

343 3327 419 3402 gnit3
437 3345 530 3404 neque
553 3344 622 3385 vero
645 3326 717 3386 citus
738 3326 880 3402 eiusmodi
906 3326 934 3394 in
959 3329 1092 3403 praesenti
1115 3332 1202 3389 Festo
1219 3339 1299 3392 vacat
1313 3331 1391 3404 myste-

341 3408 395 3465 rio.
411 3407 559 3466 Omittitnr
573 3405 649 3465 euim
666 3407 791 3463 Domine
805 3407 889 3464 labie
905 3424 970 3464 nuce
984 3415 1012 3465 et
1033 3407 1245 3482 invitatorium,
1260 3409 1324 3487 qnia
1342 3397 1392 3477 ttq't

341 3504 398 3545 uon
422 3486 547 3545 hnmano
569 3503 618 3544 ore
641 3484 752 3555 vocati,
780 3502 833 3545 nec
855 3483 938 3544 aliter
959 3485 1148 3558 commoniti,
1170 3496 1221 3546 aut
1244 3488 1342 3560 acciti;
1358 3478 1394 3542 scd
1417 3492 1419 3497 '

342 3574 455 3624 minum
478 3565 559 3624 sidus
580 3562 629 3623 uin
651 3563 820 3640 conspicati,
843 3573 985 3623 cernerent
1001 3567 1133 3624 adorere
1148 3565 1320 3628 Dominum.
1336 3560 1396 3625 initb

337 3643 572 3718 ,praetermittitur
596 3646 640 3702 Ρε.
665 3644 772 3714 l'enite,
796 3649 894 3720 utpote
917 3643 965 3721 qui
989 3653 1031 3702 est
1052 3644 1079 3702 in
1104 3643 1190 3703 tertio
1211 3648 1351 3706 Nocturno
1367 3657 1397 3700 rc·

343 3715 494 3794 citandus3
517 3722 584 3800 qnia
608 3723 635 3781 in
659 3724 743 3782 tertio
766 3721 918 3799 tempore,
946 3721 1047 3799 gratiae
1069 3722 1199 3796 seilicet,
1229 3742 1283 3802 per
1304 3723 1398 3785 tertiun

342 3801 520 3860 Nocturnum
543 3802 701 3877 designato,
717 3800 834 3861 invitata
856 3808 956 3860 estex
979 3801 1119 3862 Gentibus
1142 3802 1272 3863 Ecclesia
1294 3822 1342 3882 per
1360 3801 1400 3860 lla·

344 3895 396 3953 gos
416 3885 445 3935 et
465 3879 598 3952 stellam3
622 3880 729 3957 saepius
750 3889 845 3940 nutem
867 3880 1011 3958 repetitur
1033 3881 1196 3957 ttntipbona
1221 3883 1319 3944 Venite
1344 3880 1399 3939 edo·

342 3974 466 4027 remus,
494 3965 523 4015 ut
551 3957 680 4036 undique
701 3959 846 4020 contlnant
874 3977 985 4020 omnes.
1007 3963 1138 4037 Hymuns
1161 3978 1280 4040 quoque
1301 3955 1400 4040 suppri-

346 4036 453 4108 mitur,
474 4035 540 4116 quio
564 4037 758 4116 perlectorum
781 4046 825 4098 ost
845 4041 974 4116 Itymnos
996 4056 1123 4112 canere,
1150 4048 1250 4102 eontra
1272 4035 1402 4104 conversio
