3484 4875
452 525 628 574 amorium
642 525 728 572 runnu
746 522 884 572 neritum
896 523 939 570 ss.
953 525 1038 571 conr.
1052 525 1171 572 cunrsrr
1261 506 1325 572 515

273 632 337 716 giis
354 632 528 717 insignitur
544 652 640 718 quam
658 629 776 697 Octava
793 630 990 717 Epiphaniae,
1008 631 1149 697 admittit
1165 652 1241 698 sune
1258 632 1354 699 Festa

275 720 420 807 duplicia
448 722 561 806 prima}
584 720 698 785 classis
723 719 947 794 occurrentia,
970 726 1005 784 ut
1032 740 1130 805 supra
1154 720 1354 788 declaratum

272 815 346 881 est3
371 829 436 873 non
458 810 536 873 item
560 808 718 873 translata
741 806 885 892 ejusdem
910 808 1001 871 ritus,
1026 811 1056 871 S.
1082 808 1118 873 R.
1146 808 1177 873 C.
1204 810 1242 873 51
1269 809 1348 894 Moj.

273 895 362 961 11117
388 896 420 959 iu
438 897 642 962 Conimbrieu.
662 895 704 959 od
721 896 750 959 1.
767 895 826 959 Ubi
850 895 1052 981 privilegium
1068 897 1154 979 viget
1177 898 1352 982 peragendi

274 981 425 1056 Officium
460 983 516 1049 SS.
542 983 691 1069 Corporis
726 981 844 1047 Christi
880 984 1015 1066 singulis
1052 980 1178 1049 Octava
1218 985 1354 1059 diebus,

275 1080 413 1155 excepta
437 1081 544 1136 tamen
569 1072 771 1137 occurrentia
795 1069 897 1135 Officii
920 1071 979 1134 suh
1008 1072 1072 1136 ritu
1097 1071 1216 1158 duplici
1242 1074 1354 1158 primm

273 1166 333 1223 aut
356 1159 505 1224 secunda.
529 1160 654 1234 classis,
678 1178 737 1223 vox
760 1158 815 1223 illa
840 1160 1034 1222 occurrentia
1057 1159 1122 1224 late
1145 1160 1355 1244 intelligenda

274 1254 351 1323 est,
382 1255 477 1332 atque
509 1246 649 1331 duplicia
681 1265 807 1331 quoque
840 1246 953 1331 primae
986 1246 1035 1310 vel
1066 1248 1215 1313 secundae
1240 1250 1354 1313 classis

274 1334 435 1399 translata
453 1334 705 1419 comprehendit.
723 1334 754 1398 S.
774 1333 809 1397 R.
830 1334 862 1398 C.
882 1334 921 1397 17
939 1334 1023 1420 Sept.
1043 1334 1128 1398 {855
1146 1337 1177 1399 in
1200 1336 1352 1401 Veroueu.

239 1466 242 1470 »
273 1420 318 1485 od
343 1422 372 1486 l.
398 1420 546 1500 Ouinimo
573 1422 727 1486 translata
751 1421 819 1485 haec
843 1421 918 1485 licet
941 1440 1097 1505 reponere
1122 1425 1218 1488 etiam
1245 1425 1276 1487 in
1302 1423 1354 1488 din

274 1528 346 1595 eJus
371 1508 497 1575 Octava
520 1530 584 1575 uon
607 1517 763 1596 perpetuo
780 1509 893 1582 libera,
917 1508 973 1573 sed
998 1509 1099 1574 libera
1115 1530 1174 1595 per
1190 1511 1353 1585 accidens,
1416 1509 1418 1513 ’

275 1598 350 1681 quia
376 1618 490 1681 nempe
514 1618 688 1662 occrrrrens
712 1598 743 1661 iu
773 1616 810 1659 ea
841 1593 986 1661 Officium
1011 1596 1172 1663 inferioris
1207 1600 1288 1663 ritus
1322 1619 1354 1663 a·

270 1692 424 1750 movetur
446 1685 520 1750 inde
544 1705 581 1750 ac
610 1694 683 1770 post
707 1683 858 1749 Octavam
885 1681 1079 1749 transfertur
1111 1685 1187 1770 (vel
1211 1688 1237 1750 si
1262 1689 1353 1751 locus

275 1772 384 1847 desit,
414 1774 455 1838 ad
484 1773 584 1838 ritum
614 1774 794 1857 simplicem
825 1769 1020 1858 redigitur)
1044 1773 1074 1837 S.
1107 1774 1141 1838 R.
1170 1774 1202 1840 C.
1227 1777 1245 1839 7
1277 1774 1355 1859 Moj.

276 1860 420 1924 1115511
446 1860 619 1925 Crosseton.
644 1861 686 1924 out
711 1861 739 1924 1.
772 1858 830 1923 llic
865 1860 1095 1925 advortendum
1128 1870 1198 1937 est,
1235 1862 1273 1926 de
1306 1862 1357 1926 die

276 1945 398 2012 Octava
439 1947 610 2031 cujuslibet
644 1947 732 2012 Festi
762 1955 912 2031 oportere
947 1957 982 2012 ut
1017 1947 1161 2015 Oilicium
1194 1950 1355 2034 persolva·

275 2044 332 2100 tur
355 2036 452 2100 etiam
475 2034 719 2101 iniraOctavas
744 2035 899 2120 peculiari
923 2044 1053 2099 ornatas
1081 2039 1248 2120 privilegio
1278 2037 1357 2123 (nisi

275 2122 364 2188 istud
387 2131 531 2207 exaequet
554 2123 756 2207 privilegium
780 2120 908 2186 Octava
932 2122 1127 2205 Epiphaniae.
1152 2124 1262 2189 Recole
1286 2145 1358 2209 quoe

275 2209 506 2274 declaravimus
529 2211 584 2275 sub
607 2210 657 2273 dic
681 2210 700 2274 u
724 2207 797 2273 loo.
821 2231 850 2272 o.
874 2208 951 2272 VIII
956 2209 983 2293 )‚
1009 2210 1068 2272 etsi
1093 2211 1125 2273 iu
1149 2212 1357 2275 concessione

275 2298 463 2382 Apostolica
487 2298 520 2362 id
543 2318 607 2363 uon
631 2298 839 2381 exprimatur.
864 2295 896 2359 S.
923 2295 957 2359 R.
978 2296 1009 2361 C.
1036 2296 1077 2361 m
1095 2297 1188 2361 Mart.
1213 2298 1299 2363 tuto
1324 2298 1356 2362 iu

273 2406 340 2449 uno
363 2385 537 2450 Duhiorum
556 2386 598 2450 od
619 2385 651 2450 1.
677 2384 807 2463 Quoties
832 2381 979 2449 officium
1004 2384 1110 2467 agitur
1135 2384 1174 2450 de
1198 2383 1249 2451 die
1272 2384 1357 2452 inira

276 2471 431 2538 Octavam
456 2473 512 2539 SS.
530 2472 680 2558 Corporis
704 2472 833 2547 Christi,
850 2472 932 2535 ritus
955 2479 1005 2536 est
1026 2472 1235 2558 semiduplex‚
1260 2481 1356 2560 atquo

274 2561 446 2625 adhibetur
469 2561 559 2626 color
582 2561 683 2626 albus.
703 2559 817 2625 Omnia
841 2557 992 2625 dicuutur
1010 2567 1045 2623 ut
1067 2560 1111 2623 ihi
1135 2569 1167 2624 et
1192 2561 1224 2624 in
1245 2561 1352 2626 Festo.

274 2647 374 2714 Missa
398 2649 516 2732 legitur
540 2656 575 2713 ut
598 2651 630 2713 in
654 2647 715 2721 die,
738 2648 759 2711 ‘l
783 2645 893 2711 Oratio
918 2654 967 2710 est
993 2645 1141 2723 Concedo,
1166 2648 1184 2712 5
1208 2647 1357 2714 Ecclesia.²

277 2737 329 2801 vel
353 2755 413 2822 pro
437 2737 534 2821 Papa,
559 2735 731 2800 dummodo
756 2733 959 2820 adjungenda
976 2754 1039 2799 uon
1064 2735 1105 2799 sit
1122 2754 1356 2801 commemora-

275 2824 320 2888 tio
346 2823 524 2909 oujuspiam
548 2823 634 2888 Festi
658 2823 823 2907 simplicis;
850 2830 917 2886 tum
941 2823 1057 2908 quippe
1080 2823 1100 2886 1
1126 2824 1188 2888 erit
1209 2823 1248 2889 de
1272 2827 1353 2912 ipso,

275 2911 295 2975 5
323 2910 471 2986 Concede,
496 2913 615 2976 omissa
640 2912 742 2976 altura
767 2910 911 2975 Ecclesiae
935 2912 983 2974 vel
1008 2931 1066 2996 pro
1090 2911 1188 2997 Papa.
1330 2961 1333 2967 .

343 2999 374 3065 8.
399 2998 433 3063 Si
456 3000 488 3064 in
505 2999 647 3064 Sahbato
670 2997 817 3064 Officium
841 3006 949 3064 notum
965 3000 1008 3063 sit
1024 2998 1063 3064 de
1087 3000 1138 3064 die
1161 2998 1245 3064 inira
1262 2996 1356 3063 Octa-

273 3105 348 3151 vam
372 3085 429 3151 SS.
446 3087 596 3173 Corporis
620 3087 749 3163 Christi,
766 3095 798 3151 et
822 3107 895 3152 cras
919 3096 1034 3170 agatur
1058 3087 1097 3152 de
1120 3087 1298 3162 Dominica,
1322 3088 1355 3152 iu

273 3174 426 3239 secundis
448 3173 599 3260 Vesperis
622 3175 657 3240 lit
680 3195 698 3240 a
722 3175 868 3260 Capitulo
893 3174 933 3238 de
949 3175 1125 3248 Dominioa‚
1150 3183 1186 3240 ut
1207 3175 1268 3246 ibi;
1294 3175 1352 3238 ali-

275 3268 327 3326 ter
351 3262 566 3327 servahuntur
589 3264 823 3328 concurrentia
846 3263 945 3344 leges.
969 3262 1135 3326 Dominioa
1165 3260 1249 3325 inira
1272 3259 1357 3324 hanc

275 3346 429 3415 Octavam
454 3358 503 3414 est
532 3350 673 3423 secunda
705 3359 778 3436 post
806 3351 1041 3424 Pentecosten,
1070 3349 1161 3433 cujus
1193 3349 1275 3412 ritus
1305 3356 1356 3413 est

277 3437 501 3522 semiduplex,
530 3445 562 3502 et
584 3438 617 3502 iu
642 3458 704 3524 qua
728 3438 836 3502 colore
860 3436 933 3500 alho
966 3435 1120 3500 utendum
1151 3442 1210 3500 est.
1243 3432 1357 3499 Omnia

274 3524 488 3609 perficiuntur
507 3533 543 3590 ut
566 3526 598 3588 in
615 3525 710 3590 Festo
727 3524 880 3610 Corporis
896 3523 1025 3599 Christi,
1043 3529 1161 3609 praeter
1177 3522 1357 3598 Lectiones,

275 3620 425 3677 octavum
448 3613 491 3698 nt,
505 3613 661 3697 Capitulo,
684 3613 713 3694 1.
731 3621 764 3676 et
779 3611 808 3697 11.
827 3611 1042 3696 Vesperarum
1066 3618 1098 3675 et
1122 3609 1277 3684 handum,
1295 3609 1357 3675 hn-

276 3700 427 3786 tiphouas
444 3700 484 3764 ad
501 3699 684 3764 Benedictus
702 3706 734 3764 et
749 3699 930 3785 Mopnifiont
950 3706 1046 3783 atque
1062 3697 1260 3773 Orationem,
1285 3716 1357 3782 quaa

277 3789 411 3874 propria
434 3787 603 3853 hahentur.
622 3788 718 3875 liuor.
735 3789 766 3850 iu
790 3787 848 3851 hoo
865 3785 955 3851 Dour.
973 3786 1357 3873 Additurcommemora·

278 3876 324 3940 tio
341 3874 472 3941 Octavo
496 3876 647 3960 Corporis
672 3874 799 3939 Christi.
818 3874 912 3939 llissa
938 3882 987 3939 est
1003 3876 1144 3960 propria,
1169 3875 1238 3940 sine
1261 3873 1357 3939 tertia

278 3960 432 4031 Oratione
457 3962 539 4052 (non
562 3963 696 4029 exclusis
722 3961 860 4029 Collectis
889 3961 1073 4051 imperatis)
1103 3982 1175 4030 cum
1203 3961 1300 4029 Credo
1325 3969 1357 4026 et
