3484 4875
681 621 897 737 CAPUT
941 623 1005 735 V.

523 894 570 938 ltu
601 892 836 938 orrtcmltull
866 893 1159 940 conuuuurnrtl

649 1074 1035 1090 *a*

366 1329 395 1394 l.
425 1255 683 1397 Concurrentia
713 1325 824 1401 adest,
856 1326 983 1411 qtrantlo
1014 1347 1112 1392 unum
1142 1324 1287 1395 Officium
1322 1330 1372 1396 dic

328 1417 502 1483 recedenti
527 1424 558 1480 et
582 1417 718 1481 alterum
743 1415 792 1480 die
816 1416 960 1499 sequenti
985 1416 1174 1493 celebratur,
1191 1438 1228 1483 ac
1252 1428 1372 1484 utrum·

328 1522 365 1572 ue
384 1506 550 1592 Vesperas
575 1504 781 1570 intermedias
813 1505 918 1588 exigit.
943 1503 1171 1571 Concurrentia
1202 1507 1300 1592 igitur
1322 1528 1371 1573 re-

328 1594 396 1661 ticit
412 1595 583 1661 dumtaxat
597 1592 765 1680 Vesperas,
779 1600 811 1658 ct
827 1592 921 1658 datur
938 1594 1138 1660 solummodo
1155 1596 1238 1661 inter
1250 1594 1370 1674 Officia,

328 1698 371 1749 tae
392 1684 448 1771 jus
476 1683 516 1749 ad
540 1681 698 1768 vesperas
721 1681 848 1748 habent.
866 1681 1053 1767 Hujusmotli
1077 1692 1171 1749 sunt:
1197 1683 1234 1749 l.‘’
1257 1683 1371 1753 Omnia

328 1783 397 1838 csta
423 1772 564 1858 duplicia
588 1782 620 1836 et
642 1771 884 1855 semiduplicia,
914 1770 980 1836 tlies
1000 1767 1122 1856 ¹Octava
1154 1781 1185 1838 et
1207 1773 1373 1841 Dominica

359 1863 508 1948 utrisque
533 1860 691 1947 Vesperis.
711 1860 761 1924 ll.‘'
777 1859 850 1925 llies
874 1857 953 1925 infra
979 1858 1131 1926 Octavam
1155 1859 1298 1950 (excepte
1323 1863 1373 1929 tlic

333 1952 469 2038 plima)
493 1950 524 2014 in
549 1949 697 2014 secumlis
719 1948 892 2033 Vesperis‚
916 1948 972 2015 sed
997 1970 1060 2014 non
1086 1951 1117 2014 in
1141 1951 1275 2036 primis,
1299 1952 1377 2038 quia

329 2039 366 2105 is
392 2046 515 2105 carent.
534 2037 600 2103 lll.⁰
618 2037 746 2103 Festum
771 2034 905 2123 simplex
922 2057 978 2123 per
995 2058 1028 2103 se
1044 2039 1076 2103 in
1094 2039 1204 2125 primis
1226 2040 1374 2127 Vesperis

329 2138 441 2195 utum.
466 2127 558 2202 Eoria
583 2134 689 2192 autem
723 2126 850 2212 proprie
883 2127 1138 2192 concurrentiam
1163 2149 1224 2193 non
1255 2129 1374 2201 habet,

328 2219 376 2283 uia
400 2217 473 2304 ejus
490 2214 635 2282 tlllrcium
659 2216 702 2280 ibi
726 2214 838 2301 incipit
861 2222 893 2279 ct
916 2215 1042 2290 desinit,
1061 2215 1113 2280 ubi
1138 2216 1253 2281 desinit
1276 2226 1307 2282 et
1331 2219 1375 2282 in·

328 2306 384 2391 ipit
405 2305 632 2392 quodcumque
656 2303 810 2370 Olllcium.
835 2301 869 2367 Si
901 2303 993 2369 Feria
1018 2312 1170 2388 sequntur
1197 2305 1293 2371 aliam
1316 2304 1373 2371 lle·

329 2395 407 2473 am,
429 2398 477 2461 ita
500 2402 536 2460 ut
559 2402 663 2460 totum
686 2391 830 2460 Officium
854 2390 1017 2466 obtineat:
1043 2390 1187 2459 Officium
1211 2395 1373 2480 sequentis

328 2485 407 2551 ilum
429 2486 545 2570 incipit
569 2507 587 2549 a
610 2484 780 2555 blatutin03
806 2481 884 2546 atleo
909 2490 943 2546 ut
966 2482 999 2547 in
1021 2480 1170 2567 Vesperis
1195 2483 1374 2569 preceden-

329 2574 438 2639 anihil
456 2573 513 2639 siat
537 2574 576 2639 de
598 2573 754 2660 sequenti.
771 2572 931 2635 Praeterea
949 2569 987 2633 tle
1004 2568 1103 2634 roi-iis
1120 2568 1264 2649 Quatuor
1280 2570 1372 2638 Tem·

328 2681 418 2728 orum
441 2662 654 2748 Septembris,
679 2661 717 2726 tle
742 2659 832 2725 Faria
856 2658 995 2724 secunda
1019 2657 1254 2743 llogationum,
1279 2669 1311 2726 et
1335 2660 1373 2727 tle

328 2749 425 2838 'igiliis
459 2750 618 2838 (excepta
643 2750 755 2835 tigilla
780 2746 991 2835 Epiphaniae)
1025 2747 1102 2813 nihil
1126 2749 1161 2814 fit
1184 2751 1215 2815 in
1240 2750 1373 2837 primis,

328 2859 360 2907 ec
384 2842 419 2906 in
441 2841 591 2906 secundis
615 2839 784 2925 Vesperis,
808 2836 865 2902 sat
888 2844 1013 2902 tantum
1037 2838 1069 2902 in
1093 2837 1276 2916 Laudibus,
1300 2859 1373 2906 cum

328 2948 345 2992 c
366 2927 464 2993 Festo
485 2932 592 3014 agitur
616 2927 774 3001 Officium3
792 2926 843 2992 sin
867 2946 941 2990 vero
966 2923 1004 2990 tle
1028 2926 1119 2992 Feria
1143 2927 1223 2994 illud
1247 2937 1370 3014 agatur,

332 3036 456 3102 esperae
478 3006 628 3085 dicuntur
652 3017 690 3082 tle
713 3016 805 3082 Feria
828 3034 886 3101 per
909 3034 1036 3080 aunum.
1061 3014 1104 3080 lle
1128 3015 1228 3082 Feriis
1252 3016 1374 3084 Adven-

328 3126 360 3171 is
383 3114 414 3171 cl
445 3103 702 3192 Quadragesimae
737 3106 772 3170 lit
806 3103 934 3189 quidem
967 3107 1227 3172 commemoratio
1252 3106 1283 3170 in
1315 3105 1373 3171 Ve-

328 3195 430 3278 peris;
462 3196 494 3261 id
520 3205 712 3262 tamennon
743 3192 858 3259 accidit
883 3193 1006 3258 ratione
1029 3195 1281 3269 concurrentia),
1314 3195 1370 3260 sou

328 3283 476 3366 uirilegii
626 3348 630 3356 ,

374 3371 402 3437 2.
427 3372 566 3438 [illectus
590 3373 821 3439 concurrentia
844 3378 910 3446 est,
934 3376 969 3434 ut
991 3369 1141 3454 Vespere
1165 3370 1214 3436 vel
1238 3370 1370 3452 integrm

328 3462 531 3538 persolvantur
547 3461 586 3525 de
606 3463 761 3527 alterutro
785 3458 1054 3533 concurrentium,
1071 3459 1121 3523 vel
1144 3459 1228 3524 inter
1250 3463 1372 3523 utrum·

328 3562 373 3627 que
393 3550 504 3616 media
531 3548 731 3626 dividantur,
755 3551 799 3614 ila
823 3557 858 3614 ut
880 3548 999 3612 Psalmi
1032 3565 1104 3611 cum
1128 3547 1194 3611 suis
1219 3546 1371 3632 Antipho-

328 3633 366 3699 nis
384 3641 555 3705 recitentur
579 3640 618 3704 tle
642 3637 854 3726 precedenti,
879 3643 910 3701 et
934 3637 1091 3721 reliquum
1116 3655 1133 3699 a
1157 3634 1301 3722 capitulo
1335 3635 1373 3702 tle

328 3729 460 3809 sepienti.
485 3727 568 3793 lllud
592 3728 695 3793 evenit
718 3734 855 3813 quatuor
879 3725 909 3789 in
934 3724 1076 3790 casibus:

348 3895 353 3905 ι
382 3813 412 3880 Ι.“
434 3817 565 3897 erando
583 3816 765 3904 praecedens
787 3823 818 3880 ct
842 3813 1039 3900 subsequens
1056 3810 1200 3880 Officium
1218 3835 1280 3881 non
1297 3822 1373 3880 sum

334 3903 451 3979 eusdem
474 3907 572 3983 ritus,
594 3906 744 3994 Vespera
767 3905 899 3990 integrm
923 3911 1016 3968 erunt
1039 3901 1077 3977 de
1101 3924 1149 3980 eo,
1172 3902 1257 3990 quod
1282 3904 1371 3970 altio-

336 3999 385 4052 llo]
403 3995 495 4062 ritum
526 3995 669 4072 obtinet,
694 3995 833 4079 exceptis
856 3999 994 4077 quatuor
1025 3990 1135 4058 diebus
1160 3990 1286 4060 Octavis
1309 3991 1370 4056 llo·

340 4074 403 4156 'libb
423 4104 532 4174 nempe
554 4083 749 4172 Epiphania,
773 4080 914 4161 Pascbm,
938 4081 1140 4148 Ascensionis
1164 4089 1196 4148 et
1219 4080 1370 4168 Corporis
