3484 4875
458 512 499 579 50
662 533 756 579 curor
771 533 810 579 rr.
828 534 866 578 nn
882 533 1099 581 mlnsnurronn
1115 534 1268 581 rnsronnn

432 647 465 705 et
486 638 720 726 Expectationis
736 641 852 706 Partus
869 639 1010 726 ejusdem
1026 640 1061 705 B.
1078 640 1117 705 M.
1136 640 1183 718 V„
1200 662 1330 708 rursum
1348 641 1468 709 Carme'
1494 639 1515 699 “-’

433 728 511 794 Boni
528 729 668 804 Consilii,
691 728 731 793 ad
753 730 856 805 Nives,
881 730 920 794 de
942 729 1096 805 Mercede,
1120 728 1176 795 SS.
1195 729 1331 806 llosarii,
1349 732 1387 797 de
1403 733 1439 798 Ca
1497 761 1503 766 ·

432 819 535 902 ragio.
559 818 597 883 de
619 818 722 894 Ulmo,
745 819 784 883 de
807 819 839 884 S.
863 818 959 894 hura,
982 838 1041 883 neo
1063 838 1125 884 non
1150 819 1327 903 imaginum
1352 820 1443 908 Deipa
1471 825 1472 830 ’

432 908 604 993 insignium
628 907 780 972 miraculo
798 908 946 973 motionis
962 908 1138 983 oculorum,
1155 907 1389 974 Translationis
1404 912 1450 975 alu

434 994 555 1061 Demus
567 996 764 1072 inmolare,
777 996 935 1061 Auxilium
949 995 1211 1071 Christianorum,
1225 1004 1257 1062 et
1269 998 1403 1074 similia;
1417 1020 1434 1085 p

433 1092 521 1152 terea
537 1084 631 1151 Festa
647 1085 863 1174 Apparitionis
886 1084 919 1151 S.
942 1084 1104 1151 Michaelis
1126 1084 1331 1171 Archangeli,
1354 1087 1475 1154 Decol·¹

434 1393 582 1455 admittere
602 1392 715 1473 queat?
738 1396 795 1454 Nec
814 1392 896 1472 juvat
921 1392 998 1471 qnod
1025 1393 1132 1452 ductor
1153 1391 1372 1455 Dissertationis
1394 1393 1451 1474 adjr
1477 1418 1480 1435 <

435 1472 490 1550 git:
515 1473 611 1535 «Nisi
643 1474 715 1533 lorte
735 1491 772 1533 ex
803 1472 928 1547 legitima
959 1472 1165 1534 consuetudine
1197 1473 1242 1534 vel
1275 1492 1312 1534 ex
1337 1476 1480 1553 pertica

434 1554 518 1615 ribus
548 1557 577 1613 S.
598 1551 682 1614 Sedis
712 1552 947 1613 concessionibus
967 1552 1062 1630 collini
1092 1552 1181 1629 possit
1207 1553 1307 1613 eadem
1339 1559 1423 1616 Festa

434 1633 546 1694 censeri
561 1632 668 1692 dehere
684 1634 757 1693 inter
771 1633 897 1711 duplicia
920 1632 1056 1710 primario
1078 1632 1246 1709 respectiva
1262 1634 1369 1695 classis
1388 1658 1414 1710 »ς
1436 1673 1437 1676 =
1455 1652 1485 1702 a·

436 1714 459 1772 si
481 1711 623 1773 distinctio
643 1716 792 1773 Festorum
825 1713 853 1773 in
885 1712 1010 1791 duplicia
1044 1711 1181 1792 primaria
1203 1722 1231 1773 et
1253 1716 1428 1777 secundaria
1505 1745 1508 1781 ·.

437 1810 557 1866 recens,
580 1800 612 1851 ut
633 1793 693 1870 ipse
716 1794 832 1867 latetur,
851 1793 923 1852 odeo
945 1800 975 1852 ut
998 1802 1078 1853 antea
1100 1792 1224 1869 duplicia
1247 1796 1261 1855 l
1286 1793 1391 1856 classis
1410 1796 1430 1856 l·
1454 1801 1480 1871 -ζ
1511 1813 1512 1820 “

441 1871 537 1933 cornia
559 1871 722 1933 indistincte
745 1872 830 1932 unius
851 1881 880 1933 et
901 1872 1029 1952 ejusdcm
1051 1871 1170 1946 classis,
1200 1891 1257 1934 rron
1287 1892 1450 1937 secusne
1512 1921 1515 1945 :

439 1951 524 2031 plicia
545 1956 564 2013 2
586 1951 684 2012 elassis
705 1960 735 2012 et
753 1953 879 2031 duplicia
901 1953 1029 2033 nroj0ra,
1058 1953 1223 2031 quomodo,
1244 1972 1368 2033 quaeso,
1390 1973 1424 2016 au
1440 1982 1458 2004 ‘r
1513 2017 1515 2023 ,

435 2031 531 2093 dentia
553 2035 673 2091 Decreta
694 2040 722 2093 et
742 2032 873 2105 ludulta‚
905 2051 971 2113 quae
1004 2037 1086 2095 Festa
1118 2031 1166 2093 illa
1198 2032 1380 2111 respiciunt,
1410 2033 1449 2114 pal
1514 2067 1515 2074 κ

436 2113 540 2173 lactent
560 2130 691 2190 qrraenam
723 2132 759 2173 ex
781 2112 850 2192 ipsis
871 2112 1014 2174 recenseri
1047 2113 1171 2174 debeant
1192 2112 1266 2174 inter
1289 2112 1422 2193 duplicia
1445 2108 1476 2176 ”.
1513 2141 1515 2176 t

437 2193 536 2263 maria,
557 2209 688 2271 quaenam
710 2192 783 2253 inter
798 2193 967 2255 secundaria
986 2193 1068 2273 juxta
1090 2202 1234 2255 recentem
1255 2189 1489 2258 distinctionnl·

436 2272 466 2334 Si
480 2276 562 2334 Festa
585 2271 631 2330 illa
650 2272 713 2333 sine
734 2272 901 2334 discrimine
923 2273 1065 2353 adscripta
1087 2281 1168 2333 erant
1190 2292 1251 2333 suae
1265 2291 1396 2354 quaeque
1412 2268 1483 2340 chi·

436 2371 502 2432 quae
523 2360 589 2413 tunc
608 2353 732 2423 extabat,
747 2353 877 2431 prolecto
891 2356 1016 2434 ⁸Decreta
1038 2362 1067 2415 et
1087 2352 1196 2415 lndulta
1213 2353 1405 2431 interpretari
1419 2367 1497 2415 nent·

437 2441 549 2513 potest,
577 2432 631 2495 nisi
650 2435 731 2514 juxta
753 2432 894 2514 principia
915 2453 981 2513 quac
1002 2442 1068 2495 tunc
1090 2432 1243 2510 vigebant3
1268 2452 1365 2510 quare
1388 2452 1450 2498 curn
1463 2425 1489 2493 Ἀ-

437 2514 574 2593 temporis
593 2513 736 2576 distinctio
750 2519 900 2576 Fastorum
921 2514 949 2573 in
971 2513 1098 2592 duplicia
1120 2512 1258 2592 prinraria
1280 2523 1310 2574 et
1330 2510 1488 2577 secunder'n

437 2602 512 2655 esset
531 2612 651 2673 prorsus
673 2594 776 2673 ignota,
798 2594 895 2673 liquet,
911 2612 946 2654 ex
962 2594 1090 2673 praelatis
1105 2593 1235 2654 Decretis
1257 2601 1287 2653 et
1307 2595 1431 2656 ludultis
1448 2608 1489 2654 ne.

384 2677 400 2695 “
437 2692 581 2753 quaquam
602 2676 663 2734 erui
686 2693 770 2753 posse
791 2674 887 2752 aliqua
901 2677 983 2735 Festa
1004 2682 1135 2753 spectare
1149 2673 1184 2733 ad
1199 2672 1329 2752 duplicia
1354 2671 1489 2754 primaria,

438 2753 492 2813 alia
514 2753 549 2812 ad
570 2755 748 2815 secundaria.
770 2757 890 2814 Decreta
923 2772 991 2814 vcro
1022 2754 1181 2814 recentiora
1202 2771 1237 2814 ne
1266 2754 1365 2816 ullum
1384 2751 1489 2836 quidem

437 2833 559 2892 vcrhum
582 2834 688 2893 laniunt
709 2834 745 2893 de
767 2831 932 2911 duplicibus
953 2833 1102 2913 primariis
1123 2842 1151 2893 et
1171 2834 1382 2910 secundariis,
1399 2831 1443 2895 scd
1460 2846 1489 2889 a·

438 2919 507 2988 gunt
527 2920 635 2972 tantum
655 2913 692 2972 de
712 2913 803 2974 Festis
825 2913 970 2990 primariis
990 2923 1019 2974 et
1039 2912 1218 2974 secundariis
1238 2912 1353 2975 ratione
1375 2913 1428 2981 sut
1442 2915 1489 2974 lle

438 2999 494 3052 stat
513 3011 582 3070 ergo
604 3002 634 3052 ut
654 2993 707 3053 hoc
738 2990 875 3071 effugium
896 2997 1050 3063 Auctorem
1071 2991 1284 3054 Dissertationis
1318 3012 1382 3057 non,
1401 2993 1491 3074 juon·

440 3073 712 3212 pr'aeterqnamqnod
733 3073 760 3133 in
784 3074 865 3152 praxi
897 3092 944 3135 res
967 3082 1023 3136 tota
1043 3073 1137 3134 adcol
1149 3082 1211 3135 oret
1231 3073 1393 3153 ambigua,
1414 3080 1444 3135 nt
1457 3069 1489 3134 ri

438 3151 466 3213 hi
501 3170 545 3211 me
568 3152 598 3211 is.
1188 3198 1192 3202 -

499 3170 693 3324 Ergoppoeito
714 3232 807 3313 prima
829 3234 968 3295 sententia
987 3242 1032 3294 est
1051 3231 1163 3295 facilior
1182 3232 1211 3294 in
1226 3233 1321 3311 praxi,
1336 3233 1409 3314 quia
1423 3236 1491 3297 son

439 3313 609 3373 secundaria
632 3315 730 3373 saltcur
753 3315 842 3391 magis
864 3313 1032 3392 principalia
1046 3313 1259 3375 suntomnihus
1282 3323 1373 3390 nota3
1396 3321 1438 3376 est
1456 3328 1491 3373 nr

438 3392 601 3455 tionahilior
632 3393 805 3465 theoretice,
835 3395 901 3474 quia
923 3393 1025 3455 rationi
1056 3392 1121 3472 plns
1141 3402 1276 3456 consonat
1297 3404 1328 3456 ut
1350 3394 1384 3456 in
1405 3408 1488 3475 mque·

441 3473 516 3534 litate
538 3473 610 3534 ritus
632 3475 802 3551 praelcratuc
822 3478 938 3535 Festum
964 3473 1134 3554 primarium
1156 3474 1349 3548 secundario,
1380 3487 1492 3556 quante

439 3571 597 3628 eonvers03
618 3562 662 3614 est
682 3553 796 3614 tandem
817 3553 997 3615 communius
1019 3554 1159 3633 proheta,
1180 3555 1266 3633 unia,
1288 3555 1353 3634 ipso
1377 3561 1490 3617 Auctore

438 3632 651 3694 Dissertationis
672 3641 810 3705 testante,
832 3633 892 3694 lere
914 3634 950 3694 ab
970 3635 1103 3696 omnihus
1124 3633 1281 3712 recipitur3
1304 3642 1333 3694 et
1354 3632 1493 3713 praecipat

437 3711 710 3793 incommodaque
731 3713 806 3773 idern
828 3717 934 3775 Auctor
955 3713 1025 3776 oriri
1047 3724 1143 3776 censet
1157 3733 1193 3775 ex
1208 3716 1260 3775 hac
1279 3715 1434 3788 sententia,
1446 3726 1492 3777 att

437 3798 504 3851 sunt
524 3790 578 3851 nisi
599 3793 775 3872 apparentia.
1513 3772 1515 3857 l

497 3873 538 3932 Ac
560 3875 587 3932 l.
608 3881 704 3932 noster
731 3879 837 3935 Auctor
863 3873 1065 3936 inconveniens
1086 3891 1148 3935 esse
1169 3874 1229 3946 ait,
1256 3879 1339 3937 Festa
1361 3871 1515 3955 primorie}

440 3951 600 4014 recentiora
628 3953 657 4012 iu
683 3954 844 4032 equalitate
868 3955 940 4015 ritus
961 3955 1052 4017 Fastis
1079 3953 1258 4016 secundariis
1287 3953 1515 4037 antiquioribus

440 4030 575 4093 anteferri
603 4031 752 4093 recensitis
772 4034 800 4093 in
821 4034 940 4095 Tahella
960 4034 1118 4113 duplicium
1142 4038 1303 4111 majorum,
1330 4055 1399 4116 quae
1421 4041 1515 4111 cultu

441 4129 558 4194 semper
571 4112 812 4195 preferebantur.
827 4147 863 4161 -
874 4118 960 4196 Resp.
973 4114 1113 4200 ejusmodi
1127 4115 1331 4185 inconveniens
1346 4135 1402 4202 pro
1416 4113 1499 4181 nihile
