3484 4875
563 496 784 546 nunonerronus
800 498 1109 547 mrnsrurnunuanu
1283 480 1347 549 207

352 603 398 671 die
419 603 462 670 25
485 602 624 673 babetur
645 612 808 693 tamquam
839 627 1034 683 occurrens,
1065 627 1131 673 uon
1164 606 1210 672 uti
1239 591 1370 694 proprie

352 694 552 770 translatum,
565 695 834 779 quemadmodum
850 717 881 762 n.
894 696 1059 783 superiore
1075 696 1368 763 animadvertimus,

390 782 429 848 ll.
453 781 490 847 Si
504 782 634 849 Festum
658 782 690 849 S.
708 784 834 851 blathiae
857 784 1027 851 transferri
1051 785 1220 868 eontigerit
1236 784 1276 850 ed
1291 792 1370 850 tem·

351 890 408 958 pus
431 871 598 947 paschale,
613 870 759 939 tllfieium
783 893 821 939 en
842 873 904 939 boo
924 881 1069 961 tempore
1092 875 1153 939 erit
1169 872 1369 949 sumendum,

343 969 467 1047 praeter
488 960 656 1026 Lectiones
680 962 827 1048 proprias
851 970 884 1028 et
899 962 1093 1028 Orationem.
1111 962 1206 1028 Missa
1229 981 1303 1028 uero
1326 962 1370 1027 le·

352 1048 451 1133 geuda
474 1050 538 1115 erit
560 1069 598 1115 ex
621 1049 715 1116 Festo
739 1049 772 1116 S.
796 1050 894 1117 llarei
917 1051 959 1116 25
983 1051 1123 1139 Aprilis,
1151 1057 1268 1137 praeter
1290 1047 1369 1116 Ora·

352 1137 463 1213 tiones,
486 1137 663 1224 Epistulam
686 1147 719 1204 et
741 1139 968 1225 Euangelium‚
992 1160 1062 1226 quae
1085 1138 1213 1204 hauries
1236 1160 1273 1205 ex
1296 1138 1369 1205 llis·

336 1227 412 1292 ¹sali
435 1225 497 1291 bae
523 1228 593 1313 ipsa
617 1226 677 1292 die.
701 1226 736 1292 si
758 1237 865 1294 autern
897 1228 1110 1295 transferatur
1140 1235 1212 1313 post
1243 1236 1370 1313 tempus

353 1314 523 1391 Pasehale‚
547 1316 678 1382 ultimus
701 1316 729 1398 l.
753 1314 921 1383 Gradualis
945 1337 1018 1384 eum
1040 1316 1187 1403 Allelojm
1211 1317 1265 1382 ubi
1287 1314 1371 1382 desit

353 1402 383 1469 in
405 1404 538 1490 proprio
553 1436 570 1480 ,>
592 1414 736 1471 sumetur
759 1425 797 1471 en
819 1405 915 1472 Missa
937 1404 970 1472 S.
993 1406 1134 1472 Matthaei
1162 1405 1307 1492 Apostoli
1338 1410 1371 1471 et

353 1490 564 1577 Crangelistae
586 1493 625 1559 11
653 1492 861 1580 Septembris.

319 1575 363 1648 16.
382 1617 429 1629 -
451 1580 552 1647 Hodie
575 1582 608 1647 in
632 1601 715 1648 anno
747 1583 914 1649 Communi
938 1590 971 1650 et
993 1582 1043 1649 die
1069 1583 1111 1649 27
1135 1582 1167 1648 in
1188 1580 1369 1659 bissextili,

320 1668 434 1755 uapud
457 1690 517 1736 nos
544 1669 633 1758 (nisi
655 1669 761 1737 obstet
784 1671 976 1759 bominiea)
1007 1672 1043 1738 iit
1066 1670 1105 1738 de
1128 1671 1160 1737 S.
1184 1669 1306 1755 ignatio
1329 1669 1370 1735 ll·

338 1758 482 1845 :piscopo
506 1768 538 1826 et
559 1760 714 1847 llartyre3
737 1760 873 1846 ideoque
895 1762 927 1827 in
951 1760 1101 1828 Oratione
1125 1760 1259 1826 Cononis
1274 1759 1370 1827 Nobis

339 1865 472 1934 ¹quoque
491 1848 706 1936 peecatoribus
729 1848 769 1914 ad
792 1870 909 1916 nomeu
932 1850 1046 1936 lpeote‘e'
1076 1858 1171 1936 eaput
1194 1850 1256 1915 erit
1276 1849 1368 1915 inoli-

354 1936 502 2002 uandum.
535 1935 664 2015 Quoties
695 1936 826 2003 llestum
857 1939 917 2006 boe
948 1939 1141 2007 transfertur
1172 1938 1212 2003 ad
1243 1946 1369 2024 tempus

339 2022 516 2102 ¹l‘asehale,
539 2024 635 2092 Missa
657 2025 785 2111 quidem
809 2029 938 2114 propria
963 2029 1097 2113 legitur,
1123 2027 1180 2095 sed
1202 2035 1275 2112 post
1297 2025 1369 2113 Cpi-

320 2114 468 2188 ³·etolam
491 2113 537 2196 ll.
562 2133 635 2180 eum
657 2114 794 2202 Allelojo
818 2125 987 2183 sumuntur
1018 2137 1056 2183 ex
1085 2117 1180 2182 Missa
1202 2114 1371 2181 Proteeisti

354 2199 390 2269 de
412 2202 580 2269 Communi
603 2210 748 2290 tempore
770 2204 927 2272 Pasehali.

320 2277 362 2356 bl.
381 2328 428 2342 -
449 2290 551 2357 Hodie
580 2292 613 2358 in
643 2312 726 2358 auno
749 2293 915 2361 Communi
946 2302 978 2360 et
1001 2293 1051 2360 die
1079 2293 1120 2359 28
1143 2293 1176 2358 in
1199 2292 1369 2365 Bissextlli‚

354 2380 436 2468 apud
471 2400 530 2447 nos
563 2378 651 2468 (nisi
685 2390 835 2449 oeourrat
857 2381 1048 2470 Dominioa)
1082 2379 1227 2449 Officium
1262 2381 1369 2466 agitur

321 2466 383 2551 ¹dl.
415 2469 580 2536 Custoehii
596 2470 746 2555 .Virginis
777 2472 999 2539 llessanensis.
1037 2471 1140 2552 Quum
1172 2491 1268 2558 porro
1302 2469 1370 2555 ejus

350 2555 446 2627 llissa
470 2559 513 2625 sit
533 2557 658 2625 Vultum
680 2569 769 2625 tuom
793 2561 831 2627 de
854 2562 1031 2638 Communi,
1054 2560 1173 2626 ideireo
1196 2560 1228 2625 in
1251 2559 1372 2624 'lraotu
1488 2585 1489 2588 ¹

348 2664 414 2714 nou
436 2648 593 2735 repetitur
615 2647 643 2731 γ’.
675 2647 729 2736 (si
753 2648 862 2736 adsit)
894 2651 979 2716 Aodi
998 2650 1064 2739 [ilie
1088 2657 1171 2727 ete,
1203 2646 1259 2714 sed
1282 2646 1369 2712 illioo

347 2736 554 2824 subjungitur
573 2736 652 2813 Ouio
676 2739 849 2827 concupivit
873 2748 933 2806 eto.
950 2739 1048 2825 quue
1071 2741 1165 2825 plane
1188 2736 1368 2804 servabitur

347 2825 381 2892 iu
399 2825 462 2891 bae
476 2825 573 2892 llissa
589 2845 607 2890 a
623 2824 865 2912 Septuagesima
889 2828 929 2895 ad
946 2828 1077 2895 Pascha.
1094 2828 1125 2894 S.
1143 2826 1178 2894 R.
1199 2828 1230 2893 C.
1249 2827 1266 2891 7
1284 2825 1367 2913 Sept.

319 2900 438 3005 11816
462 2914 495 2979 in
520 2914 648 2982 Todeot.
672 2915 714 2982 od
736 2916 780 2982 tl
802 2927 831 2984 et
855 2918 893 2983 ll
920 2918 1003 3007 Sept.
1021 2917 1104 2984 tell
1123 2918 1155 2981 io
1177 2914 1366 2982 Meeblioieo.

721 3333 967 3404 andbundun

516 3527 547 3572 111
570 3528 672 3574 tumus
696 3529 732 3574 ut
755 3529 914 3576 bellimons
937 3528 1169 3583 Qubbuuuusluru

371 3713 405 3778 l.
430 3710 524 3778 Feria
541 3712 635 3779 tertia
651 3721 726 3799 post
739 3711 937 3780 Dominieam
953 3709 1228 3799 Quinquagesimae
1243 3711 1276 3776 in
1291 3710 1373 3778 llar-

319 3803 468 3896 prologio
493 3801 509 3866 l
537 3801 607 3867 loeo
630 3801 748 3886 legitur
763 3802 835 3868 Dies
854 3802 1001 3868 Cioerom
1024 3809 1084 3867 ete.
1108 3801 1142 3868 Si
1158 3803 1190 3867 in
1206 3800 1266 3867 hae
1280 3799 1374 3867 Feria

320 3903 414 3962 otum
434 3893 477 3959 sit
492 3887 639 3957 Cilicium
655 3890 694 3958 de
710 3911 757 3968 ea,
773 3891 874 3978 ipsius
887 3910 1012 3979 quoque
1028 3899 1122 3957 erunt
1136 3889 1284 3976 Vespere
1300 3909 1373 3956 oum

319 3983 462 4051 tratione
477 3977 650 4046 Dominieae
672 3979 893 4066 precedentis
916 3994 957 4047 'ae
973 3977 1148 4065 Suffragbs,
1171 3988 1202 4045 ot
1222 3978 1373 4045 Precibus

319 4081 436 4149 tntum
465 4067 717 4141 Dominiealibus
746 4067 788 4139 ad
819 4068 1090 4163 Complatorium,
1122 4069 1196 4159 quia
1225 4067 1378 4139 Officium
