3484 4875
721 604 1033 674 Abuurnrtoo'us

633 761 691 827 ln
735 761 921 826 Festa
967 760 1119 845 utnjt

336 959 408 1025 Dies
424 956 537 1021 Mensis
562 958 591 1022 l.
608 992 653 1005 -·
668 955 691 1021 1.
709 956 807 1021 llstra
831 964 958 1042 tempus
975 956 1133 1022 Paschale
1150 954 1254 1042 prima
1269 952 1311 1017 lie
1332 971 1370 1015 nu
1406 967 1417 1040 ζ

380 1045 532 1197 impedita
556 1042 843 1198 ‹licitursstlllicium
867 1044 1111 1111 Defunctorum.
1136 1043 1248 1128 Relepe
1268 1039 1370 1129 exposito
1407 1057 1417 1095 ².

380 1154 405 1198 e.
473 1156 504 1199 n.
531 1134 549 1197 5
574 1142 603 1198 ot
626 1154 651 1198 c.
721 1155 751 1197 o.
776 1133 830 1198 25.
1407 1142 1417 1169 ²

424 1219 547 1298 ll.Quitl
561 1222 611 1304 agi
629 1228 777 1305 oporteat
791 1240 863 1285 curn
877 1219 1008 1285 Festum
1026 1218 1076 1285 Ss.
1094 1218 1236 1304 Philippi
1253 1225 1282 1281 et
1296 1212 1373 1280 iacobi
1407 1210 1417 1271 ῗ

380 1308 609 1393 Apostolorum
634 1309 776 1374 occurrit
798 1309 849 1374 vel
874 1308 1039 1373 concurrit
1071 1326 1145 1372 curn
1179 1305 1272 1370 Festo
1301 1304 1373 1367 Patro
1411 1319 1417 1394 j

381 1397 456 1460 cinii
480 1397 512 1461 S.
537 1396 668 1481 loseph,
689 1396 757 1481 jam
780 1397 1033 1480 praemonuimus
1057 1393 1118 1460 sub
1143 1393 1197 1459 dic
1229 1394 1269 1459 n5
1292 1390 1373 1477 Aprilis
1409 1401 1417 1446 t

379 1504 410 1549 n.
435 1484 459 1548 l.
484 1484 542 1549 Ubi
566 1492 717 1550 occurrat
739 1482 822 1549 inira
846 1482 1001 1562 Octavam
1025 1483 1246 1557 Asceusionis,
1263 1477 1373 1545 Praiatio
1412 1495 1417 1555 p

379 1573 441 1638 orit
464 1572 713 1658 ‹le-Apostolis,
737 1572 794 1637 sed
821 1572 1090 1637 Communieontes
1124 1570 1164 1637 de
1196 1568 1374 1639 Ascensiooe,
1412 1603 1417 1660 .'

379 1680 573 1745 quamquam
606 1659 734 1725 Oetavm
766 1661 937 1726 omittatur
959 1658 1237 1727 commemoratio.
1261 1658 1291 1722 S.
1312 1655 1340 1719 lt.
1356 1652 1374 1717 l.
1412 1704 1417 1711 .

379 1748 421 1813 28
445 1750 525 1832 Aup.
551 1749 637 1814 Abbi
661 1750 693 1812 in
715 1768 778 1813 uuo
806 1747 906 1814 Urbis.
939 1747 972 1814 Si
1005 1755 1114 1813 autem
1146 1752 1298 1813 occurrat
1322 1740 1375 1807 inira
1413 1753 1417 1831 '3

379 1834 620 1901 Hebdomatlam
645 1844 792 1921 quartam
818 1846 892 1922 post
915 1836 1050 1912 Pascha,
1067 1836 1101 1900 in
1119 1835 1226 1920 primo
1249 1833 1375 1899 Nocturni
1414 1877 1417 1888 .

383 1923 558 1989 recitandae
581 1933 657 1990 sunt
680 1924 848 1989 Lectiones
878 1925 1029 2009 Epistulae
1054 1922 1086 1988 S.
1111 1922 1227 1988 lacobi
1258 1942 1294 1987 ex
1314 1917 1375 1985 Perit

380 2012 533 2086 currenti,
558 2011 731 2078 dummodo
755 2012 824 2097 ejus
847 2012 999 2098 Epistolae
1022 2010 1153 2076 initium
1172 2012 1216 2077 sit
1232 2010 1375 2075 diebussn·

379 2099 561 2184 perioribus
583 2101 650 2187 jam
674 2101 814 2175 lentum;
839 2120 932 2165 secus
950 2100 1034 2165 enim
1056 2100 1089 2163 in
1114 2098 1177 2164 boe
1194 2098 1287 2163 Peste
1302 2097 1376 2177 legen

255 2191 258 2195 ’
381 2186 456 2252 dum
481 2186 575 2253 foret.
601 2189 696 2253 Rubr.
720 2187 812 2254 Breo.
837 2199 866 2252 et
889 2189 920 2253 S.
946 2188 982 2252 R.
1010 2187 1042 2251 C.
1067 2187 1086 2251 5
1110 2186 1191 2272 Moj.
1218 2186 1299 2251 libb
1319 2177 1377 2247 tnt-

377 2275 519 2341 icsidlen.
544 2276 578 2341 ln
603 2277 697 2341 blissa
722 2275 772 2339 Ss.
799 2276 937 2362 Philippi
960 2283 992 2340 et
1014 2274 1127 2339 lacobi
1161 2274 1205 2340 ad
1227 2273 1378 2360 Orationes

379 2362 516 2427 Cononis
543 2362 809 2429 Coinmuoiecotes
833 2373 882 2428 est
906 2372 1003 2448 eaput
1025 2361 1250 2428 inclinandum
1280 2359 1328 2426 ubi
1345 2374 1378 2421 co·

380 2471 453 2516 rum
477 2454 642 2517 nominum
668 2454 787 2518 mentio
810 2453 867 2527 nt,
892 2453 949 2516 setl
973 2451 1069 2516 simul
1094 2449 1340 2521 advertendum,
1359 2441 1379 2507 S-

379 2538 546 2613 iacobum,
571 2540 662 2626 cujus
685 2538 779 2606 boilie
803 2541 951 2617 recurrit,
968 2539 1012 2605 ibi
1037 2539 1219 2624 posteriore
1243 2540 1381 2603 loeocon

381 2646 568 2692 memorari.

425 2713 478 2779 lll.
505 2715 636 2793 Quoties
653 2713 800 2782 Officium
817 2714 866 2781 Ss.
884 2715 1023 2802 Philippi
1039 2720 1072 2779 et
1087 2713 1204 2780 iacobi
1220 2709 1381 2780 transfertur

378 2810 452 2886 post
474 2803 697 2878 Pentecosten,
720 2802 801 2869 illud
825 2805 999 2889 petendum
1022 2812 1073 2868 est
1096 2822 1113 2867 e
1137 2802 1306 2868 Communi
1322 2799 1379 2883 Apo·

379 2891 537 2955 stolorum
562 2899 651 2956 extra
675 2899 802 2978 tempus
826 2892 993 2966 Pasebale‚
1010 2890 1146 2956 retentis
1163 2892 1215 2967 iis,
1232 2909 1303 2976 que
1317 2885 1382 2950 Peste

376 2987 456 3042 strnt
477 2979 618 3064 propria,
641 2980 750 3064 ibique
773 2981 902 3045 omissis
926 2980 1074 3044 omnibus
1099 2977 1253 3065 Alleluju.
1277 2977 1308 3042 S.
1322 2967 1383 3039 itt.

233 3135 240 3145 .
380 3066 404 3128 5v
422 3065 501 3152 Moj.
528 3067 612 3132 tlte
636 3067 669 3130 iu
691 3066 859 3134 Eiusiellen.
884 3069 980 3134 Missa
997 3087 1073 3134 vero
1090 3067 1213 3150 legitur
1228 3067 1276 3132 nti
1292 3065 1383 3150 presto

379 3160 430 3217 est
446 3155 476 3218 in
495 3154 625 3231 blissali,
643 3154 798 3221 detractis
814 3155 1037 3222 tantummodo
1051 3154 1192 3242 Allelnjo
1209 3154 1250 3220 ab
1267 3148 1386 3218 Introitb

378 3238 548 3311 Offertorio
572 3251 604 3308 et
627 3243 868 3320 commuuione,
887 3265 924 3310 ao
940 3253 1071 3330 sumpto
1087 3241 1245 3308 Graduall
1263 3260 1301 3305 ex
1315 3237 1385 3302 llisst

379 3331 489 3395 votiva
512 3329 561 3396 Ss.
585 3331 645 3417 Ap.
669 3331 757 3396 Petri
780 3340 813 3397 et
835 3334 937 3409 Pauli,
955 3353 1028 3398 oum
1044 3331 1158 3398 ultimo
1175 3331 1205 3413 l.
1228 3329 1323 3395 Toeto
1338 3335 1388 3389 bnt

377 3437 456 3503 pere
479 3426 540 3484 ete.
576 3438 615 3484 ex
649 3419 804 3485 hodierna
839 3421 946 3486 Missa.
982 3422 1013 3485 S.
1039 3420 1075 3484 ll.
1104 3419 1136 3484 Ο.
1161 3419 1206 3484 25
1232 3417 1307 3482 lun.
1327 3405 1387 3479 titt

381 3505 472 3572 Dece.
495 3528 600 3593 perier.
625 3516 654 3571 et
677 3507 719 3572 25
736 3508 820 3595 Sept.
840 3508 926 3573 ttuo
945 3509 975 3572 in
991 3529 1054 3572 noe
1075 3506 1166 3571 Urbis
1183 3515 1213 3571 et
1233 3503 1321 3571 Orbis
1334 3493 1388 3568 ull

380 3613 418 3656 oe
440 3594 564 3659 Missnle
588 3593 677 3658 Rom.
703 3597 843 3682 typicum
866 3596 977 3661 Romce
999 3594 1071 3661 edit.
1096 3615 1147 3658 oo.
1176 3592 1277 3659 Abbi.
1373 3671 1378 3685 ι

424 3680 475 3746 lV.
500 3681 534 3746 si
557 3683 713 3747 alteruter
736 3703 775 3748 ex
798 3683 886 3749 bisce
909 3682 960 3748 Ss.
985 3682 1151 3768 Apostolis
1169 3683 1214 3747 sit
1228 3672 1390 3767 principato

379 3765 540 3835 Patronus
563 3769 639 3834 Loci
663 3771 712 3835 vel
736 3770 889 3836 Titularis
914 3770 1090 3845 Ecclesiae,
1115 3771 1159 3834 ita
1192 3777 1228 3844 ut
1252 3769 1391 3848 utriusque

380 3851 527 3942 Qssicium
550 3857 674 3941 seJungi
698 3866 868 3942 oporteat;
893 3859 926 3923 in
950 3855 1062 3925 Officio
1081 3857 1115 3922 S.
1132 3857 1278 3944 Philippi
1294 3851 1390 3921 Lectio

381 3962 438 4006 nes
462 3944 558 4027 primi
580 3945 735 4011 Nocturni
759 3955 853 4012 erunt
889 3945 927 4010 de
963 3945 1136 4011 Communi
1160 3944 1390 4032 Apostolorum

259 4074 264 4083 ·
380 4030 514 4096 secundi
536 4033 640 4117 prima
663 4034 816 4119 propria,
840 4035 973 4120 retiquae
997 4035 1068 4102 duee
1092 4033 1132 4099 de
1161 4028 1389 4120 praelautus
1415 4040 1417 4073 ²
