3484 4875
676 397 770 443 66666
786 398 807 442 6.
824 396 863 442 66
880 397 982 443 666666
1321 381 1341 447 0

281 512 341 568 661.
376 498 510 580 Quoties
546 520 700 567 numerus
735 500 864 567 decedis
902 501 1060 566 llillesimi
1095 504 1171 568 6661
1206 508 1364 589 propositi

281 590 405 656 divisus
428 609 487 676 per
509 589 652 656 medinm
676 596 726 654 esi
748 608 817 675 par,
843 588 937 654 toties
962 608 1065 655 annus
1089 598 1138 655 est
1161 590 1361 669 Bissextilis,

281 699 346 744 666
372 686 483 742 autem
506 678 533 742 si
563 677 606 743 sit
628 678 742 762 imper.
767 676 864 742 Verbi
890 677 1017 761 gratie,
1049 678 1077 744 si
1101 680 1219 762 666616
1252 687 1361 747 utrum

281 786 386 831 66666
413 765 499 831 1660
523 767 566 830 611
588 765 763 840 Bissextus,
780 763 884 829 divide
909 763 1061 829 decadem
1085 766 1255 842 lilillesimi,
1273 787 1362 833 nem·

282 874 322 939 pe
347 854 403 929 60,
427 874 486 940 per
509 853 661 927 medium,
685 860 717 917 61
740 852 873 917 habebis
898 852 950 927 50,
968 854 1021 937 661
1045 874 1119 918 cum
1143 856 1185 918 sit
1209 874 1362 919 66666666

282 961 343 1026 par
372 941 535 1024 significat
557 960 675 1006 annum
700 940 787 1005 1060
817 960 888 1005 6666
912 940 1122 1006 Bissextilem.
1153 941 1234 1007 ltem
1259 961 1363 1009 66666

285 1029 509 1104 {condictio
531 1028 574 1093 06
598 1047 656 1114 per
679 1028 831 1103 medium,
848 1037 881 1093 ei
905 1027 994 1093 dabit
1018 1029 1049 1104 5,
1068 1029 1122 1112 661
1146 1030 1279 1094 comsit
1302 1051 1362 1096 nu·

284 1137 394 1183 merus
410 1118 517 1202 impar
533 1116 650 1181 evincit
665 1135 786 1181 annum
803 1115 888 1181 1006
913 1135 976 1180 666
1000 1115 1068 1182 1666
1085 1116 1297 1181 Bissextilem.
1316 1118 1365 1183 Si·

285 1206 527 1270 militerarmus
545 1204 642 1279 1005,
660 1204 780 1289 partire
801 1204 844 1268 05
867 1224 926 1289 per
942 1202 1083 1269 medium
1107 1211 1139 1269 ei
1162 1203 1295 1269 habebis
1321 1206 1363 1271 10

286 1313 358 1358 cum
382 1292 541 1375 segmine,
566 1292 619 1376 qui
644 1312 716 1357 enm
742 1292 1047 1357 666-6116666666
1071 1292 1262 1378 simpliciter
1286 1312 1364 1377 per,

288 1380 490 1445 demonsiret
512 1399 632 1444 aunum
656 1380 741 1446 1005
767 1399 830 1444 666
853 1378 922 1443 1666
945 1378 1157 1444 Bisscxtilem.
1176 1379 1264 1445 ldcm
1280 1381 1316 1444 lii
1332 1381 1365 1445 16

287 1469 377 1533 66616
404 1467 599 1544 centesimis,
616 1469 642 1532 si
660 1487 813 1533 numerus
836 1467 1025 1539 dividendus
1049 1475 1178 1553 petatur
1194 1487 1212 1532 a
1230 1487 1365 1533 numero

287 1557 578 1641 somniorumque
596 1557 852 1621 6661166166666
870 1557 1075 1621 centesimus
1090 1554 1233 1641 Exempli
1252 1558 1367 1640 gratia,

287 1645 399 1711 116666
425 1643 512 1710 1000
536 1643 592 1708 (161
614 1645 732 1709 saecula
757 1644 809 1719 10,
827 1662 963 1728 quorum
981 1663 1134 1708 numerus
1152 1664 1209 1728 per
1225 1644 1367 1711 medinm

290 1732 415 1797 divisus
448 1731 555 1796 reddit
586 1733 628 1807 0,
661 1732 716 1817 661
748 1750 820 1796 cum
845 1732 888 1795 sit
912 1751 1065 1796 numerus
1096 1732 1202 1816 impar
1226 1731 1370 1797 (16616661

289 1840 409 1885 annum
436 1819 523 1885 1000
541 1839 604 1883 666
621 1839 692 1884 6666
708 1819 920 1884 Bissextilem.
940 1819 1058 1884 066166
1076 1839 1178 1884 66666
1195 1819 1292 1893 0000,
1315 1823 1368 1904 661

289 1903 436 1972 66611661
460 1907 579 1972 666616
602 1907 656 1982 00,
684 1909 746 1972 6611
768 1906 957 1981 dissentitis,
982 1908 1056 1990 6616
1080 1907 1123 1972 00
1147 1927 1204 1992 666
1228 1908 1369 1972 medium

289 1995 412 2059 (1161666
438 1993 494 2062 (161
519 1994 582 2069 10,
606 1996 659 2079 661
683 2003 733 2060 661
756 2014 909 2059 numerus
933 2015 1001 2079 par.
1037 1995 1217 2061 decolorius
1242 2005 1323 2059 tomo
1350 1998 1365 2060 1

290 2105 361 2171 cop.
389 2082 433 2146 10
458 2082 489 2147 oi.
516 2083 531 2145 l
558 2105 588 2146 6.
613 2082 644 2147 ll.

591 2260 657 2325 116
679 2259 820 2324 Festi·
841 2258 1074 2324 Mobilibus

356 2439 412 2505 16.
438 2434 596 2517 Quoniam
612 2458 649 2505 ex
666 2439 801 2504 0666616
826 2439 911 2503 sacri
935 2436 1067 2503 06661111
1091 2434 1211 2504 Nieaeni
1235 2435 1370 2514 Pascha,

290 2547 330 2592 ex
352 2547 418 2612 666
445 2527 568 2614 6611666
581 2526 687 2592 06616
710 2526 840 2592 mobilia
864 2525 1015 2611 pendent,
1033 2525 1190 2592 celebrari
1208 2526 1304 2592 debet
1321 2526 1372 2592 die

292 2615 485 2691 1166616166,
509 2614 562 2699 661
586 2616 731 2700 proxime
754 2615 899 2681 succedit
921 2613 991 2679 lllV
1015 2614 1112 2679 Lunae
1136 2615 1231 2700 primi
1255 2613 1372 2680 Mensis

290 2702 376 2787 (ille
400 2701 488 2788 apud
510 2702 664 2768 Hebraeos
686 2713 825 2789 6666166
850 2703 974 2788 primus
1009 2701 1148 2778 Mensis,
1180 2703 1271 2789 cujus
1298 2702 1371 2767 XlV

292 2790 383 2855 Luna
409 2791 460 2855 661
497 2790 583 2856 cadit
616 2790 649 2856 16
685 2789 769 2855 diem
800 2792 891 2856 66661
922 2790 1138 2875 AEquinoctii,
1170 2792 1294 2856 scilicet
1328 2790 1369 2855 01

290 2877 417 2955 Martii,
442 2879 492 2943 661
515 2879 647 2964 propius
670 2879 762 2944 illnm
786 2877 872 2943 diem
895 2877 1076 2965 sequitur);
1102 2877 1258 2953 efficitur,
1284 2883 1319 2943 61
1343 2879 1371 2942 61

290 2963 415 3050 Eparia
440 2965 580 3051 cujusvis
605 2967 679 3030 6661
702 2966 904 3042 1666616166,
929 2965 1025 3030 6166
1050 2986 1085 3030 66
1118 2967 1149 3030 16
1175 2965 1372 3031 11616606616

293 3051 410 3138 (quod
436 3055 639 3138 praemissum
673 3061 723 3119 est
757 3055 920 3119 Breviario
945 3051 1116 3140 Romano)
1144 3061 1254 3118 661616
1287 3054 1372 3119 16166

292 3140 379 3206 diem
404 3148 554 3206 octavum
577 3141 684 3206 Martii
719 3142 896 3216 inclusive,
930 3149 962 3206 et
997 3143 1144 3227 quintum
1169 3142 1288 3224 Aprilis
1324 3143 1372 3207 in·

292 3227 416 3294 6166166
441 3227 548 3315 (hujus
571 3229 657 3294 enim
680 3227 810 3314 llpaetae
833 3227 904 3294 XIV
926 3228 1016 3293 Luna
1040 3228 1127 3293 cadit
1155 3231 1204 3292 vel
1226 3229 1258 3292 in
1287 3227 1373 3294 diem

292 3316 494 3402 AEquinoctii
516 3317 617 3392 verni,
645 3316 728 3381 idest
756 3318 789 3382 in
819 3318 904 3383 diem
931 3317 970 3382 01
1002 3316 1118 3391 Μ66111,
1137 3317 1186 3380 661
1204 3334 1277 3380 eum
1300 3335 1373 3400 pro-

292 3404 367 3488 pius
392 3401 566 3491 sequitur)
590 3412 801 3470 numerentur
831 3405 983 3470 deorsum
1007 3403 1075 3468 (1166
1106 3400 1372 3487 6661666166166,

293 3491 463 3575 proximus
487 3491 556 3557 (1166
582 3491 767 3557 0666161666
803 3493 888 3559 diem
923 3493 1008 3558 hunc
1043 3490 1113 3555 xiv
1136 3509 1274 3575 sequens
1306 3490 1373 3579 (66

297 3599 371 3643 cum
402 3578 525 3644 Judaeis
557 3581 805 3656 (6666616666,
837 3581 866 3644 61
897 3578 980 3645 16616
1012 3578 1080 3643 (1166
1108 3577 1373 3644 1110166666-

296 3665 389 3731 deret
412 3668 445 3730 16
471 3665 556 3732 diem
578 3667 800 3752 Dominicum)
826 3669 868 3732 sit
898 3667 966 3732 dies
997 3666 1140 3732 Pascha.
1173 3665 1373 3752 Exemplum.

297 3753 389 3819 1666
416 3753 503 3819 litte
527 3752 649 3839 lipacta
672 3763 722 3820 est
745 3755 825 3830 1111,
856 3762 888 3819 61
912 3756 1020 3819 1111666
1044 3752 1250 3819 llominicalis
1274 3753 1309 3820 6.
1334 3752 1374 3818 tie

298 3842 453 3925 6666166(
476 3842 666 3917 invenimus,
691 3842 844 3929 Epaetam
861 3841 920 3907 llll
936 3843 1021 3907 inter
1044 3841 1128 3907 diem
1146 3841 1165 3907 0
1182 3841 1287 3907 Μ66111
1303 3848 1336 3905 61
1353 3842 1372 3905 5

299 3929 420 4014 Aprilis
443 3929 617 4006 inclusive,
641 3932 779 4016 positam
803 3948 875 3996 esse
898 3949 916 3996 e
939 3930 1069 4014 regione
1093 3930 1156 3995 diei
1180 3930 1221 3996 10
1245 3926 1373 4002 1166111;
1443 3970 1446 3976 -
