3484 4875
442 476 508 545 456
754 488 1152 538 rnnnnrnuunomnrmuu

461 626 494 672 ιι.
519 602 550 669 8.
575 598 740 682 Quomodo
763 598 806 665 sit
833 597 896 664 boc
924 598 1186 683 intelligendum,
1217 597 1298 665 ibid.
1322 597 1460 681 Quomodo
1504 608 1513 671 ἰ

461 695 496 760 in
518 689 628 758 Officio
650 689 706 755 liat
728 687 999 763 commemoratio,
1022 687 1098 754 ibid.
1114 708 1147 754 n.
1165 687 1219 753 ld.
1237 687 1334 769 Quid,
1356 693 1383 757 si
1396 692 1461 758 doti·
1510 717 1513 759 ÷

459 781 578 869 phona,
593 779 711 845 Versus
727 786 783 844 aut
798 774 907 843 Oratio
930 777 996 841 sint
1017 776 1140 853 eadem,
1162 776 1241 842 ibid.
1260 776 1393 857 Quando
1413 802 1462 847 oen
1510 785 1513 848 l

462 877 575 936 sentur
597 867 720 943 eadem,
743 864 820 932 ibid.
844 863 914 944 Quo
938 864 1049 930 ordine
1073 869 1397 935 commemorationes
1421 872 1464 936 sint
1511 907 1513 918 ·

460 956 624 1034 iacienda,
646 955 723 1022 ibid.
746 976 778 1020 n.
795 954 837 1020 ta
861 962 895 1020 et
917 952 1318 1022 {conmemoratione
1334 958 1366 1023 in
1382 958 1462 1035 llissr,

462 1054 551 1133 quot,
575 1066 645 1132 quae
668 1052 700 1109 et
723 1064 784 1130 quo
808 1041 919 1108 ordine
942 1042 1030 1120 liant,
1052 1042 1129 1110 ibid.
1153 1064 1185 1109 ιι.
1211 1044 1266 1110 ld.
1292 1044 1374 1124 Quid
1396 1068 1462 1132 agen

462 1136 538 1201 dum
562 1135 590 1200 si
612 1133 779 1200 Orationes
801 1132 866 1197 sint
889 1130 1018 1208 eaedem,
1033 1131 1110 1198 ibid.
1126 1153 1157 1197 n.
1177 1133 1229 1198 l5.
1248 1131 1344 1212 Quid,
1365 1137 1391 1201 si
1405 1138 1463 1201 bino

464 1224 611 1289 dicantur
634 1223 736 1286 Missae
759 1219 1001 1297 conventuales,
1024 1240 1052 1286 c.
1076 1221 1096 1286 8
1120 1241 1150 1286 n.
1174 1222 1192 1285 5
1217 1229 1252 1286 et
1275 1222 1307 1289 4.
1331 1223 1377 1290 De
1397 1225 1464 1290 lleria

463 1311 607 1392 Quatuor
623 1311 816 1396 Temporum
839 1309 957 1375 dicitur
971 1310 1074 1395 prima
1091 1308 1212 1386 Oratio,
1229 1321 1341 1378 annot.
1358 1314 1389 1378 in
1408 1312 1464 1393 Qua·

463 1400 589 1485 dragcs
613 1420 644 1464 n.
670 1399 721 1463 l5.
745 1395 823 1462 Vide
850 1398 1008 1463 Orationes
1030 1405 1063 1463 et
1084 1398 1256 1485 Suffropic.

421 1488 688 1556 Commemoratio
712 1485 903 1553 Sanctorum
926 1507 1039 1552 novem
1061 1486 1262 1563 Lectionum,
1286 1490 1343 1575 qui
1365 1490 1402 1555 ob
1422 1489 1465 1555 dio

461 1598 534 1644 rum
552 1576 763 1642 deficientiam
780 1575 818 1640 ad
835 1576 933 1641 ritum
950 1576 1128 1664 simplicem
1144 1577 1350 1661 rediguntur,
1366 1578 1465 1665 quando

464 1674 497 1732 ct
520 1665 681 1752 quomodo
705 1664 750 1740 fit,
775 1685 801 1729 c.
827 1664 846 1730 d
870 1684 902 1728 n.
927 1664 958 1730 9.

422 1751 690 1826 commemoratio
713 1752 763 1817 Ss.
784 1752 866 1818 Mart
889 1773 960 1819 rum
982 1753 1015 1818 in
1037 1751 1119 1819 festo
1143 1752 1176 1820 S.
1194 1753 1363 1842 Stephani,
1386 1767 1415 1823 et
1431 1755 1466 1821 Ss.

465 1842 694 1929 Apostolorum
718 1842 749 1905 in
772 1840 853 1906 sesto
866 1773 918 1906 ds.
936 1841 1023 1907 Petri
1039 1851 1071 1907 et
1086 1842 1188 1918 Pauli,
1204 1844 1262 1909 ubi
1282 1853 1317 1910 et
1333 1844 1468 1932 quomodo

465 1932 641 2017 peragitur,
666 1931 772 1996 adnot.
796 1930 838 1995 29
862 1929 935 1995 Jun.
960 1951 991 1995 n.
1014 1930 1044 1995 ll
1066 1938 1099 1996 et
1120 1932 1163 1996 dd
1187 1929 1264 1999 Dec.
1290 1954 1321 1999 n.
1348 1935 1418 2001 lll.·

422 2018 689 2085 Commemoratio
714 2018 855 2084 fidelium
878 2017 1107 2085 Defunctorum
1129 2020 1149 2085 2
1173 2019 1251 2086 Nor.
1281 2021 1367 2101 Quid
1388 2027 1412 2090 si
1429 2043 1466 2088 oo·

466 2117 578 2175 currat
600 2110 633 2176 in
655 2108 820 2174 Dominica
856 2114 912 2173 aut
945 2107 977 2172 in
1006 2107 1100 2174 Festo
1125 2108 1164 2174 de
1192 2120 1360 2198 praecepto
1389 2111 1471 2199 quoad

464 2197 594 2274 Forum,
611 2199 661 2263 vel
684 2198 717 2263 in
733 2196 827 2262 Festo
851 2194 969 2282 duplici
992 2197 1103 2283 primae
1127 2206 1181 2262 aut
1204 2200 1359 2267 secunda.
1380 2202 1472 2268 classis

465 2295 521 2352 aut
556 2286 675 2372 duplici
709 2285 837 2370 mojori,
872 2284 1024 2351 adunca
1053 2285 1130 2351 Nov.
1154 2307 1185 2352 ιι.
1209 2286 1234 2353 l.
1259 2287 1307 2353 Dc
1343 2311 1404 2376 quo
1429 2290 1472 2355 le-

465 2383 516 2441 sto
541 2375 653 2442 eadem
676 2373 727 2440 die
749 2374 817 2440 lieri
840 2381 957 2461 potest,
980 2374 1056 2441 ibid.
1080 2396 1111 2441 ιι.
1135 2374 1172 2441 ll.
1190 2373 1270 2455 Quae
1292 2378 1391 2446 blissa
1412 2380 1474 2446 cele

465 2464 589 2531 branda
621 2472 653 2530 et
679 2464 729 2529 cui
757 2463 969 2550 applicanda,
1000 2463 1117 2529 ibidem
1149 2485 1179 2530 n.
1203 2465 1259 2531 lll.
1284 2465 1392 2547 Quare
1419 2470 1474 2534 dne

464 2553 570 2619 Missae
594 2553 823 2618 Conventualcs
846 2554 911 2619 sint
933 2552 1142 2629 celebranda,
1165 2553 1243 2620 ibid.
1268 2577 1300 2622 n.
1320 2557 1345 2624 l.
1362 2557 1474 2638 Quando

463 2641 654 2708 Matutinum
671 2640 899 2706 Defunctorum
915 2641 1093 2708 canendum
1113 2651 1168 2708 aut
1183 2644 1400 2725 recitandum,
1414 2644 1475 2712 ibid.

464 2749 496 2794 n.
514 2731 564 2796 lV.
582 2732 630 2796 Αιι
653 2731 748 2795 licoat
772 2728 907 2796 Octavas
930 2749 1025 2814 agere
1041 2750 1099 2817 pro
1114 2731 1293 2810 Defunctis,
1312 2736 1389 2802 ibid.
1407 2757 1434 2802 n.
1447 2732 1475 2798 ll.

307 2840 312 2849 ¹
423 2819 689 2885 Commemoratio
719 2819 861 2884 omnium
891 2816 1118 2885 besunc'torum
1148 2820 1301 2888 Fratrum
1337 2835 1370 2891 et
1397 2826 1476 2891 Soro-

466 2926 538 2971 rum
563 2916 622 2972 eto.
647 2909 745 2973 trium
769 2906 843 2973 Ord.
869 2905 901 2972 S.
925 2907 959 2972 P.
981 2907 1153 2984 Francisci,
1178 2912 1389 2994 quandonam
1409 2911 1478 2999 apud

466 3013 527 3058 nos
551 3004 599 3060 est
623 2995 777 3070 iacienda,
800 2996 907 3061 adnot.
934 2996 949 3059 l
975 2995 1049 3062 Dec.
1074 3019 1104 3064 ιι.
1121 2996 1160 3062 ll.
1179 2996 1294 3076 Quoad
1320 3004 1401 3068 alios
1422 3000 1480 3066 ride

468 3081 723 3149 Annicerscrium
746 3084 979 3170 defunctorum.

425 3169 692 3238 Cornmemoratio
709 3194 767 3260 pro
783 3172 946 3239 Defunctis
964 3172 1165 3259 quandonam
1181 3175 1213 3240 in
1231 3176 1342 3244 Missis
1355 3181 1481 3246 vivomrr

466 3261 535 3326 lieri
558 3265 659 3348 possit
682 3263 732 3327 vel
756 3262 880 3340 debeat,
895 3269 928 3328 et
950 3283 1012 3348 quo
1035 3263 1106 3328 loco
1130 3264 1290 3350 ponenda,
1309 3288 1338 3334 c.
1357 3270 1377 3335 d
1393 3290 1422 3335 ιι.
1437 3268 1479 3332 lo.

424 3348 700 3417 Communicantes
725 3353 889 3437 proprium
907 3349 1032 3416 Qctavae
1056 3351 1172 3418 dicitur
1195 3374 1256 3439 per
1279 3364 1383 3423 totam
1405 3357 1481 3423 Octa·

466 3459 538 3504 vam
561 3440 593 3518 in
618 3440 764 3506 omnibus
780 3440 884 3505 llissis
900 3441 1042 3506 virorum
1066 3442 1161 3506 etiam
1182 3444 1312 3521 votivis,
1331 3467 1395 3512 non
1416 3448 1480 3512 item

466 3527 499 3592 in
523 3528 626 3594 Missis
651 3529 689 3594 de
712 3529 842 3614 Requie,
866 3548 893 3594 o.
918 3529 937 3594 8
961 3551 992 3594 ιι.
1017 3528 1057 3593 25
1081 3537 1114 3594 et
1135 3529 1177 3596 28
1202 3541 1236 3597 et
1261 3544 1373 3601 annot.
1391 3535 1428 3600 de
1447 3532 1481 3598 ie

467 3623 517 3680 sto
541 3618 745 3683 Ascensionis
768 3639 798 3682 n.
823 3618 853 3683 5.

424 3701 610 3770 Communio
624 3727 685 3792 quo
699 3707 761 3771 ritu
779 3706 1000 3783 ministranda,
1013 3714 1119 3773 annot.
1134 3706 1172 3772 dc
1186 3714 1337 3796 tempore
1349 3709 1480 3779 Pascbali

468 3811 500 3855 n.
515 3796 544 3856 5.
559 3794 655 3879 Cujus
670 3795 785 3861 coloris
802 3793 891 3861 Stola
908 3816 977 3862 esse
990 3795 1114 3872 debeat,
1127 3796 1202 3861 ibid.
1216 3797 1266 3864 dn
1283 3801 1377 3867 illam
1390 3799 1479 3866 distri·

467 3878 566 3945 buere
589 3883 684 3950 liceat
706 3892 800 3949 nocte
822 3883 1001 3951 Natiuitatis
1025 3884 1149 3951 llomini
1173 3894 1205 3950 et
1230 3897 1308 3954 ante
1333 3907 1478 3959 auroram,

469 3967 577 4035 adnot.
600 3971 643 4036 25
670 3972 744 4038 Ilec.
769 3994 799 4038 n.
823 3972 874 4048 Il;
899 3994 938 4039 an
971 3973 1063 4040 rena
1086 3976 1233 4040 sextain
1259 3977 1432 4045 Parascerc
1451 3983 1476 4040 ct

467 4054 608 4124 Sabbato
625 4070 746 4140 sancto,
763 4070 869 4129 annot.
895 4063 926 4131 in
942 4062 1042 4131 Hebd.
1060 4062 1216 4150 majorem
1241 4086 1274 4134 n.
1293 4068 1337 4135 ¹5
1362 4076 1393 4136 et
1414 4065 1458 4132 ll.
