3484 4875
374 456 438 525 20ss
642 479 815 525 mtnonxrtnx
831 479 861 525 ΙΝ
877 479 1128 533 qunnxonslntxu

348 584 450 652 Feriae
472 585 512 651 lV
529 585 676 652 Gincrum
694 587 808 653 Preces
824 584 952 653 feriales
975 606 1153 673 exposcens
1175 586 1306 674 incipite
1324 637 1338 644 η
1361 620 1363 627 >
1395 598 1401 619 ³

348 675 460 741 lutino.
484 675 544 742 Ubi
566 685 715 742 occurrat
738 676 788 741 die
811 676 951 742 crastina
966 675 1098 742 Festum
1122 676 1253 762 simplex
1265 676 1333 742 sire
1356 686 1357 693 ’
1403 686 1407 690 ’

347 783 382 829 se
405 765 471 830 sive
493 784 551 850 per
574 764 742 840 accidens,
764 764 914 851 Vespere
947 765 1096 831 similiter
1127 766 1326 852 persolventur
1350 780 1365 821 t
1393 782 1400 789 ’

347 851 439 919 Feria
462 861 497 919 ut
519 872 637 940 supra,
667 852 760 919 etde
784 852 928 939 Simplici
952 853 1007 919 liet
1029 853 1197 919 dumtaxat
1219 874 1338 920 comm
1391 881 1395 891 ι

347 942 440 1007 ratio.
476 942 571 1007 Rubr.
596 943 640 1009 tit.
666 942 702 1007 ll
729 966 759 1008 o.
783 941 802 1008 9
826 952 856 1008 et
880 943 920 1007 lb
943 951 973 1006 et
998 941 1102 1007 Cooel.
1129 951 1172 1008 to.
1197 943 1214 1008 l
1240 964 1264 1008 c.
1284 941 1339 1009 tt.
1400 946 1413 972 ²

347 1052 377 1095 r.
402 1030 455 1096 47.
479 1029 511 1095 Si
536 1050 632 1116 porro
656 1031 851 1096 celebratum
881 1031 924 1096 sit
945 1030 1077 1097 Festum
1100 1030 1219 1118 duplex
1247 1031 1293 1097 vel
1395 1036 1412 1122 s

348 1118 485 1205 duplex,
509 1119 653 1186 dicentur
676 1119 823 1206 Vespere
846 1119 886 1184 de
910 1119 1043 1195 eodem,
1079 1120 1151 1185 sine
1186 1138 1337 1186 commem
1396 1194 1400 1206 ‚

347 1209 433 1275 tione
455 1207 566 1284 Feriae,
590 1210 676 1274 etin
699 1208 899 1294 semiduplici
922 1228 995 1273 cum
1016 1206 1199 1293 suffragiis,
1222 1218 1254 1274 et
1270 1208 1348 1274 Gon
1396 1227 1411 1254 *-

349 1298 469 1363 torium
493 1298 554 1363 crit
577 1317 649 1363 cum
673 1297 834 1363 Precibus.
1407 1307 1411 1316 “

413 1387 444 1451 2.
469 1386 601 1452 chria
625 1394 737 1471 quarta
755 1386 903 1452 Cinerum
925 1384 1081 1471 usquead
1097 1385 1350 1452 Dominicamin
1402 1423 1410 1432 ·

347 1474 397 1541 bis
420 1475 572 1540 inclusive
607 1495 668 1540 non
704 1474 908 1540 celebrantur
929 1472 1056 1540 Octavae
1087 1473 1239 1562 (absque
1262 1475 1365 1561 pecu'1

347 1562 380 1629 S.
404 1562 495 1629 Sedis
525 1563 750 1641 concessione,
784 1565 833 1629 vel
868 1562 1109 1630 consuetudinis
1146 1565 1310 1651 privilegio

347 1652 446 1717 Bulloe
463 1652 567 1717 Piancc
591 1654 731 1718 anterior
754 1652 804 1717 sit.
832 1652 960 1717 Consule
982 1673 1053 1739 quoe
1072 1653 1319 1739 praemonuimus
1333 1671 1350 1715 c.
1402 1669 1404 1683 ¹

347 1762 377 1805 c.
403 1738 457 1825 l.)
480 1749 511 1805 et
534 1742 561 1805 si
586 1761 646 1826 qua
671 1747 774 1827 empta
797 1740 908 1818 luerit,
931 1762 994 1807 non
1019 1741 1220 1826 completur,
1245 1740 1299 1808 sed
1318 1738 1349 1806 Fr
1374 1802 1376 1811 2

347 1828 408 1894 bac
431 1828 616 1894 adveniente
640 1840 745 1895 cessat
773 1838 806 1894 et
825 1831 1045 1917 abrumpitur.
1072 1828 1169 1895 liobe.
1202 1831 1249 1896 tit.
1280 1830 1298 1894 7
1323 1844 1373 1893 cr*

348 1915 549 2003 Quapropter
565 1917 621 1983 ubi
636 1917 702 1983 dies
720 1916 837 1983 Octava
855 1918 967 1984 incidit
989 1919 1021 1983 in
1045 1917 1174 1983 Feriam
1197 1929 1333 2004 quartam
1354 1924 1361 1971 t

349 2025 472 2082 nerum,
496 2007 551 2072 illa
570 2007 664 2092 plane
687 2008 964 2092 praetermittitur:
989 2007 1034 2072 ibi
1057 2008 1142 2072 enim
1168 2006 1296 2083 Octava,
1315 2003 1359 2071 cti
1407 2002 1409 2038 ³

348 2094 433 2180 apu'd
449 2095 679 2180 Privilegiatos,
691 2096 785 2161 linem
802 2096 898 2161 habet
914 2096 954 2162 ad
970 2095 1092 2161 Nonam
1109 2095 1173 2160 diei
1190 2092 1359 2182 praeceden'

349 2182 483 2270 ideoque
506 2186 532 2250 si
556 2186 589 2250 in
612 2184 701 2249 Feria
721 2186 813 2250 tertia
829 2191 903 2272 post
919 2184 1117 2250 Dominieam
1138 2181 1348 2272 Quinquag‘

350 2281 457 2340 actum
480 2275 523 2339 sit
545 2273 584 2339 de
607 2275 742 2359 septima
766 2273 816 2338 die
846 2272 930 2339 inira
963 2273 1147 2360 quampiam
1173 2265 1360 2347 Octavaml

350 2382 453 2449 sperae
476 2370 568 2428 erunt
592 2362 630 2427 de
652 2364 721 2450 ipsa
752 2361 844 2428 Feria
876 2363 985 2439 tertia,
1010 2369 1045 2428 ut
1075 2382 1106 2427 n.
1131 2360 1325 2428 antecedenti
1350 2385 1367 2412 »⁴

351 2453 532 2538 plicuimuS,
560 2454 627 2518 sine
655 2453 720 2518 ulla
748 2450 874 2517 Octavae
904 2452 1227 2529 commemoratione,
1253 2452 1319 2537 quia
1341 2475 1365 2503 ιν

352 2543 486 2628 septima
514 2541 662 2628 Vesperis
690 2550 799 2615 caret3
828 2561 865 2606 ac
898 2541 1032 2606 subinde
1064 2540 1213 2607 dicentur
1241 2532 1372 2621 sideria·

351 2637 382 2694 et
413 2630 453 2696 ad
483 2629 730 2716 Completorium
762 2630 887 2696 Preces.
912 2627 1003 2708 viod
1034 2629 1063 2695 si
1095 2629 1297 2696 celebratum
1315 2625 1351 2692 ln⁴

349 2716 478 2784 Festum
502 2718 630 2803 aliquod
654 2718 770 2804 duplex
793 2719 842 2783 vel
866 2718 1075 2804 semiduplex,
1096 2719 1247 2784 secunde
1271 2718 1333 2783 Ves
1372 2723 1373 2728 ’

350 2815 484 2888 agentur
508 2807 546 2870 de
569 2810 649 2892 ipso,
673 2808 741 2872 sine
765 2808 1067 2872 commemoratione
1090 2804 1220 2874 Octavae
1244 2814 1278 2874 et
1299 2805 1339 2873 p,
1367 2805 1383 2864 ’ἵ

350 2893 461 2959 sedin
493 2895 692 2982 semiduplici
725 2916 797 2961 cum
828 2894 1006 2980 suffragiis,
1038 2902 1070 2960 et
1100 2895 1141 2960 ad
1164 2896 1321 2983 Gomple
1383 2942 1384 2947 κ

351 3001 424 3047 cum
447 2983 608 3049 Precibus.
632 2984 727 3049 Febr.
748 2984 851 3073 pecul.
876 3007 905 3050 c.
932 2986 972 3050 50
997 2995 1026 3049 et
1048 2983 1114 3049 204
1140 3005 1178 3049 oc
1202 2986 1233 3050 S.
1258 2984 1295 3051 lt.
1315 2966 1375 3079 ilfi

351 3068 423 3136 Juc.
449 3071 532 3137 1756
563 3073 595 3136 ic
624 3071 789 3139 Floridior.
814 3073 855 3137 od
885 3074 917 3139 d.
941 3072 1001 3139 Ubi
1023 3092 1097 3138 vero
1129 3074 1162 3139 in
1195 3072 1290 3139 Feria
1317 3064 1391 3136 terit*

351 3162 492 3227 occurrit
515 3160 582 3227 dies
605 3159 688 3227 iufra
704 3158 856 3228 Octavam
878 3181 897 3227 a
921 3160 971 3227 die
997 3163 1133 3248 septima
1157 3159 1311 3237 diversus,
1330 3150 1382 3224 si'!

351 3247 462 3316 eadem
492 3249 584 3316 Feria
608 3248 752 3317 Officium
783 3250 869 3316 illius
901 3249 963 3317 diei
986 3251 1156 3317 recitatum
1180 3251 1246 3327 sit,
1270 3250 1396 3337 vespert,

351 3358 477 3426 quoque
493 3347 586 3406 erunt
602 3339 640 3404 de
657 3339 706 3404 die
729 3336 812 3404 inira
826 3337 980 3406 Octavam
1005 3336 1085 3425 (sine
1110 3334 1386 3405 commemorabunt

350 3426 462 3506 Feriae,
485 3450 521 3496 ac
544 3430 613 3494 sine
636 3427 802 3512 Sullragiis
826 3437 857 3493 et
881 3427 1066 3514 Precibus)·,
1091 3427 1203 3494 deince
1228 3449 1243 3494 s
1266 3416 1401 3514 porroh,

351 3512 469 3584 Octava
493 3518 570 3584 nibil
594 3518 730 3602 amplius
753 3517 806 3582 liet
830 3536 847 3581 a
871 3537 935 3582 non
957 3517 1181 3601 Privilegiatis.
1201 3449 1295 3597 Boou
1317 3515 1341 3581 si
1351 3507 1389 3577 lt·

351 3615 436 3671 stum
467 3606 561 3673 luerit
584 3607 780 3672 celebratum
809 3605 926 3691 duplex
956 3606 1006 3671 vel
1030 3604 1247 3691 semiduplex,
1271 3595 1391 3672 securta

351 3693 499 3780 Vespera
521 3694 561 3762 de
582 3697 653 3783 ipso
677 3703 770 3761 erunt
792 3713 865 3760 cum
889 3694 1191 3760 commemoratione
1213 3683 1392 3770 deracau

352 3801 448 3867 quam
468 3783 561 3850 bodie
583 3801 685 3870 neque
701 3783 846 3849 dicentur
862 3781 1020 3868 Suffragia
1044 3802 1146 3868 neque
1163 3782 1293 3862 Preces,
1310 3792 1394 3870 quan·

351 3872 398 3937 vis
420 3869 567 3938 Officium
597 3873 795 3959 semiduplex
821 3873 885 3946 sit3
917 3880 950 3938 at
972 3878 1104 3959 peracta
1127 3868 1258 3940 Octavae
1278 3882 1396 3940 commt-

353 3960 541 4036 moratione,
558 3961 635 4026 nibil
658 3963 795 4048 amplius
819 3978 836 4027 a
860 3981 924 4027 non
947 3960 1160 4045 Privilegiatis
1183 3960 1225 4028 de
1248 3962 1305 4029 illa
1326 3972 1397 4044 aget·

355 4044 430 4118 dum
453 4056 512 4117 est.
531 4049 622 4137 Apud
644 4050 865 4136 Privilegiatos
888 4069 986 4137 porro
1010 4049 1049 4118 dc
1073 4048 1124 4117 die
1147 4048 1233 4118 inira
1257 4049 1398 4122 oceno
