3484 4875
534 504 760 553 nouornrtones
777 507 807 552 m
825 505 918 551 rnsm
933 506 1035 551 mmm
1236 487 1302 553 Sub

316 591 344 665 3.
361 603 434 673 lucii
458 608 576 695 duplex
598 620 649 677 est
672 613 721 678 rel
745 612 968 698 semiduplex,
1000 613 1096 678 blissa
1122 611 1241 678 dicitur
1263 616 1321 681 So-

316 693 507 762 terraconen·
529 699 568 764 de
592 700 776 777 Communi,
801 709 833 765 et
856 701 959 766 nerto
983 701 1244 767 Postcommunic
1269 722 1323 768 su-

316 780 390 847 nitur
410 804 447 849 cx
469 788 616 871 proxima
639 787 733 853 Feria
758 790 865 854 tertia.

316 900 354 917 —-
372 871 403 935 Si
425 873 598 959 aliquando
617 878 783 961 contingat
801 884 836 942 nt
854 877 983 942 Festum
1003 876 1035 943 S.
1052 876 1323 964 loannis-loseph

316 965 431 1043 ntegras
454 961 573 1029 habeat
596 965 754 1030 secundas
771 965 941 1052 Vesperas,
960 966 1009 1030 vel
1033 965 1102 1052 ejus
1127 986 1321 1032 commemo·

317 1048 374 1111 atio
390 1054 730 1118 commemorationem
755 1054 889 1119 alterius
915 1052 1095 1129 antecedat,
1112 1054 1198 1119 illius
1215 1053 1243 1136 pi.
1261 1055 1323 1120 erit

316 1131 358 1199 iro
378 1158 436 1224 pro
459 1140 546 1204 nobis
572 1149 632 1206 etc.
658 1143 703 1207 Ac
727 1142 759 1206 id
783 1143 880 1208 simili
905 1143 937 1208 in
961 1162 1037 1208 casu
1061 1160 1189 1228 semper
1212 1143 1277 1207 fiat.

316 1259 348 1271 -
367 1224 391 1290 l.
416 1224 451 1290 Si
474 1226 569 1292 Feria
597 1230 738 1295 secunda
762 1240 837 1315 post
859 1230 1058 1296 Dominicam
1083 1232 1211 1295 tertiam
1236 1230 1319 1307 Qua-

318 1314 481 1397 ragesimae
513 1319 693 1383 occurrerit
716 1320 776 1384 bac
805 1319 855 1384 die
880 1319 910 1395 7,
935 1338 992 1406 pro
1017 1319 1322 1383 commemoratione

318 1409 481 1470 auctarum
505 1404 682 1492 Martyrum
705 1407 872 1493 Perpetuae
903 1416 935 1472 et
964 1405 1138 1471 Felicitatis
1168 1405 1322 1471 varianda

316 1496 340 1552 st
368 1490 651 1570 Postcommunio;
675 1515 745 1580 quae
769 1496 921 1561 nimirum
940 1503 1013 1584 ,tum
1038 1496 1070 1559 in
1100 1513 1134 1558 rc
1166 1513 1236 1578 qua
1260 1495 1319 1558 im·

316 1576 444 1654 locatur,
474 1588 542 1646 tum
565 1580 633 1647 lere
656 1585 754 1649 ctiam
777 1586 810 1649 in
833 1583 939 1649 uerbis
963 1582 1075 1648 eadem
1099 1588 1148 1646 est
1172 1602 1208 1646 ac
1232 1582 1323 1646 Post·

316 1668 470 1733 >munnio
494 1670 582 1735 illius
607 1670 724 1747 Faria-3
749 1671 835 1757 quod
859 1692 937 1738 sane
960 1671 1088 1736 videtur
1111 1670 1267 1746 sufficere,
1284 1676 1321 1736 ut

316 1756 349 1819 Im
380 1775 475 1822 snam
506 1758 602 1844 plane
633 1759 777 1826 obtineat
801 1760 941 1826 Robrica
973 1760 1110 1824 blissalis
1135 1760 1184 1825 tit.
1209 1758 1264 1823 Vll
1289 1778 1320 1824 n.

316 1842 418 1908 ‚Vide
441 1866 514 1931 quoe
536 1846 694 1929 iunctimus
718 1869 744 1913 c.
770 1849 789 1914 6
814 1871 843 1913 n.
871 1848 912 1913 lu
942 1848 997 1912 snb
1027 1849 1122 1934 fintene
1146 1869 1184 1912 oc
1211 1870 1241 1912 n.
1268 1847 1320 1912 l5.

316 1934 548 1999 ostcommonio
571 1936 671 2019 igitur
694 1937 987 2021 recitandumque
1011 1935 1179 2001 exhibetur
1194 1937 1226 2000 in
1243 1935 1317 2000 llis·

316 2018 376 2083 ude
393 2020 562 2088 Communi
585 2024 679 2089 unius
703 2025 853 2113 Martyris
877 2045 940 2090 non
958 2024 1119 2108 Virginis;
1144 2022 1201 2088 scd
1226 2032 1318 2108 quot·

316 2114 363 2171 not
393 2108 437 2173 ibi
470 2110 587 2176 adsunt
610 2112 790 2197 singulares
813 2133 908 2178 voces
937 2113 1054 2198 plurali
1080 2132 1214 2175 ricimero
1246 2109 1319 2175 eile-

316 2202 408 2261 mtur.
434 2196 493 2262 Ubi
517 2218 591 2264 vero
617 2200 655 2265 de
678 2200 729 2267 his
753 2200 802 2266 Ss.
828 2200 1021 2288 Martyribus
1054 2198 1247 2264 celebranda
1279 2199 1322 2262 sit

316 2282 400 2359 issa,
430 2285 488 2350 illa
520 2288 583 2352 erit
611 2288 662 2353 Me
686 2299 929 2376 expectaverunt
955 2289 993 2353 de
1024 2287 1190 2351 Communi
1227 2286 1326 2381 unius

316 2368 436 2460 lartyris
469 2394 533 2440 nou
556 2375 719 2460 Virginis,
748 2397 786 2442 ac
810 2378 951 2443 uicissim
975 2375 1238 2441 Postcummunio
1262 2373 1320 2439 Fe·

316 2478 344 2523 e
366 2468 494 2546 petetur
517 2484 555 2528 ex
578 2467 724 2550 proxima
747 2465 840 2531 Feria
863 2467 969 2532 tertia.
1002 2464 1131 2530 Consule
1155 2484 1227 2548 price
1251 2463 1319 2526 oni-

316 2547 450 2614 ndccrsc
473 2560 543 2616 sunt
566 2552 599 2615 in
624 2553 782 2639 Quodrop.
806 2577 836 2619 n.
863 2554 915 2619 ll.
941 2553 1013 2618 Sive
1045 2560 1151 2616 autem
1181 2550 1318 2616 Sacrum

316 2642 362 2711 at,
394 2638 461 2703 sive
485 2648 608 2704 tautum
633 2642 896 2707 commemoratio
921 2641 971 2707 Ss.
996 2641 1069 2705 llrn.
1095 2640 1262 2724 Perpetuae
1288 2645 1321 2703 ct

317 2725 481 2803 elicitatis,
512 2729 545 2793 in
577 2726 730 2795 Oratione
763 2729 900 2796 Cononis
934 2729 1028 2795 Nobis
1061 2749 1182 2814 quoque
1210 2748 1322 2814 pecco·

316 2811 403 2879 nribus
425 2814 467 2880 ad
491 2836 619 2889 nomeu¹
639 2818 806 2906 Perpetnoe
835 2827 868 2884 ct
897 2815 1070 2883 Felicitatis
1099 2815 1321 2882 inclinandum

316 2907 341 2964 st
361 2922 397 2967 ca
424 2912 469 2970 ut.

334 2987 370 3054 11.
395 2922 527 3069 quoties
550 2991 683 3059 Festum
715 2993 748 3060 S.
773 2993 904 3059 'Fbomae
928 2994 1097 3079 Aquinatis
1125 2990 1322 3059 transfertur

316 3073 333 3138 d
361 3086 488 3166 tempus
511 3081 689 3159 Paschale,
722 3083 770 3148 vel
795 3090 869 3168 post
892 3082 1127 3158 Pentecosten,
1159 3082 1191 3146 in
1216 3081 1320 3166 primo

316 3180 365 3230 asu
387 3167 434 3250 ll.
454 3176 527 3254 post
550 3169 739 3255 Epistulam,
763 3172 795 3236 in
819 3171 922 3236 altero
947 3171 1079 3236 ultimus
1102 3170 1130 3253 l.
1148 3168 1320 3234 Gradualis

316 3269 361 3318 um
383 3255 544 3342 Allelujo,
575 3259 603 3322 si
626 3259 672 3333 ibl
696 3259 870 3336 deficiant,
902 3266 1075 3325 sumuntur
1098 3279 1136 3323 cx
1159 3257 1258 3321 Missa
1282 3255 1322 3320 de

316 3339 454 3408 {ommuni
479 3344 666 3412 Doctorum.

316 3461 347 3476 -·
366 3429 400 3496 ln
423 3432 521 3498 llissa
545 3431 578 3498 S.
601 3434 734 3500 loannis
759 3435 798 3500 de
821 3435 887 3499 [teo
917 3434 1088 3519 legendum
1110 3430 1318 3514 Evangelium
1362 3472 1368 3483 ·

316 3532 354 3582 tou
376 3539 478 3604 usque
502 3520 543 3586 ad
565 3521 664 3588 verba
691 3521 838 3588 Universa
862 3523 915 3588 len
937 3523 1050 3611 pendet
1080 3531 1109 3584 et
1134 3518 1319 3608 prophetoe,

317 3602 348 3667 nl
364 3607 456 3692 plane
480 3609 640 3693 integrum
658 3619 755 3696 prout
777 3610 916 3676 babetur
938 3613 970 3676 in
995 3609 1160 3675 [lominica
1180 3606 1222 3671 Vl
1246 3613 1319 3693 post

316 3683 511 3762 ‘cntecosten
536 3699 567 3763 S.
592 3698 629 3763 R.
658 3699 690 3765 0.
717 3700 735 3764 5
759 3699 837 3784 Moj.
863 3699 949 3764 lton
973 3699 1006 3762 in
1027 3695 1193 3766 Finsidlen.

316 3781 399 3849 -st
424 3785 552 3870 quaudo
587 3785 718 3852 Festum
752 3785 785 3852 S.
810 3787 990 3852 Catharinae
1024 3786 1145 3851 Bnnou.
1170 3784 1202 3855 ln
1235 3782 1319 3848 diem

317 3870 503 3939 tansleratur
525 3881 688 3941 carentem
713 3895 795 3940 nona
812 3875 964 3941 Lectione
988 3873 1027 3940 dc
1050 3873 1182 3939 homilia
1206 3871 1256 3937 vel
1280 3869 1320 3934 de

316 3943 384 4024 ‘esu
406 3962 557 4118 simplici,
582 3964 790 4030 praelectio
814 3962 871 4029 Vll
894 3962 1012 4029 desinit
1037 3962 1077 4028 ad
1100 3960 1234 4031 verbum
1257 3958 1319 4024 Fr·

317 4033 456 4130 luderent,
500 4050 545 4126 lll
567 4051 739 4127 inchoatur
761 4072 779 4121 a
803 4071 881 4120 voce
896 4051 1007 4140 ltaque
1023 4069 1124 4146 usque
1148 4047 1188 4118 ad
1212 4046 1317 4122 finem,
