3484 4875
431 503 496 570 tou
739 514 1138 564 rnouxnuannnorauuruu

446 649 478 694 n.
504 629 534 693 l.
557 625 655 691 Extra
679 622 825 689 Claustra
849 621 1010 708 quodnam
1033 619 1183 687 Oilicium
1210 624 1355 689 recitare
1372 633 1442 691 teneo

447 724 511 791 tur,
535 736 563 779 e.
589 715 607 778 5
631 734 662 778 u.
687 714 717 777 7.
742 711 775 777 Si
799 711 965 795 Regularis
989 710 1030 776 ad
1052 712 1212 775 sacculum
1240 714 1441 801 migratione

449 804 534 891 quod
558 801 784 867 llalcndarium
808 802 990 885 persolvere
1013 799 1109 864 debet
1125 798 1296 878 Officium,
1314 802 1439 869 ibidul.

447 892 623 977 Regulares
647 898 795 955 tenentur
812 888 852 953 ad
869 886 1015 954 Officium
1037 886 1266 955 Dedicatiouis
1285 901 1319 956 et
1336 892 1442 958 tirum

447 982 586 1068 propriae
609 979 781 1053 Ecclesiae,
813 978 886 1042 ab
918 997 948 1042 n.
973 977 1015 1053 6,
1048 976 1089 1041 lo
1113 984 1147 1041 et
1173 979 1242 1053 l7;
1275 981 1317 1046 ad
1342 980 1450 1048 uuum

448 1068 659 1142 cathedralis,
682 1067 757 1131 ibid.
782 1087 812 1130 u.
837 1066 895 1139 bib
913 1065 953 1130 ad
970 1064 1113 1131 Ollicinm
1130 1066 1276 1132 Patroni
1301 1070 1454 1156 principabs

448 1158 547 1234 Loci,
578 1157 654 1221 ibid.
678 1177 709 1220 n.
733 1154 798 1225 dli:
827 1164 859 1219 et
889 1154 929 1219 ad
953 1152 1097 1219 Olticium
1121 1153 1351 1224 Dedicationis
1374 1157 1453 1223 Gabe-

450 1247 549 1312 dralis
569 1247 619 1310 vel
643 1245 732 1330 quasi
766 1242 986 1319 Cathedralis,
1017 1242 1072 1307 scd
1097 1242 1138 1307 ad
1164 1243 1231 1309 hoc
1267 1247 1291 1310 ii
1325 1247 1459 1314 dumtaxat

450 1337 504 1421 qui
528 1337 558 1399 iu
583 1333 716 1397 Ciuitate
740 1333 772 1395 iu
796 1352 857 1415 qua
882 1332 937 1396 illa
960 1331 1103 1396 Ecclesia
1127 1333 1244 1398 existit
1271 1344 1328 1400 aut
1350 1338 1381 1401 in
1401 1336 1460 1399 tiri·

450 1425 526 1489 tatis
549 1423 738 1495 Subrubiis,
763 1429 939 1496 morantur,
963 1419 1039 1484 ibid.
1063 1439 1094 1484 n.
1120 1421 1176 1485 ld.
1203 1421 1327 1489 Utrum
1349 1425 1462 1490 recitem

449 1513 577 1577 ualeant
593 1509 738 1576 Oilicium
755 1509 794 1574 de
810 1510 956 1594 pluribus
973 1509 1120 1573 Patronis
1137 1510 1381 1599 principalibus
1396 1512 1465 1585 Loci,

453 1602 481 1665 si
504 1601 692 1674 habeantur,
709 1619 767 1663 nco
790 1619 853 1661 non
879 1597 917 1661 dc
940 1598 1086 1662 Patronis
1110 1599 1223 1665 miuus
1244 1602 1466 1688 principalibus,

452 1689 529 1753 ibid.
553 1710 584 1753 n.
608 1689 661 1752 dd.
686 1688 734 1753 An
759 1687 922 1751 celebrare
945 1694 1062 1771 queant
1085 1683 1203 1751 Oilieia
1233 1691 1280 1755 ad
1305 1692 1467 1776 petitionem

451 1777 647 1862 Principum,
671 1796 742 1860 pag.
768 1776 808 1839 50
833 1776 863 1838 iu
888 1783 972 1840 nota.
998 1774 1031 1839 Si
1054 1774 1220 1841 Patronus
1248 1779 1326 1844 Loci
1345 1780 1467 1864 potiatur

453 1863 563 1930 Oilieio
588 1865 762 1949 peculiari,
796 1872 970 1948 possuntne
993 1863 1170 1947 Regulares
1198 1866 1288 1933 illud
1315 1866 1462 1938 adbibere,

453 1973 526 2039 pag.
545 1954 585 2018 55
602 1954 633 2017 in
658 1961 742 2016 uota.
760 1952 808 2016 du
832 1954 1012 2037 persolvere
1036 1960 1155 2037 queant
1181 1952 1337 2022 Officium
1349 1956 1383 2021 de
1396 1952 1461 2018 San·

454 2050 528 2118 cto,
553 2042 606 2128 qui
630 2042 754 2106 colatur
778 2060 851 2105 curm
874 2040 986 2106 ferinta
1010 2039 1060 2104 die
1084 2061 1142 2125 pro
1169 2048 1325 2130 populo,
1350 2063 1412 2133 paq.
1432 2042 1464 2104 55

456 2131 490 2196 iu
506 2139 591 2195 uota.
606 2128 698 2207 Quid,
715 2129 768 2193 ubi
786 2128 847 2194 duo
865 2129 971 2195 adsint
988 2129 1117 2193 Patroni
1133 2129 1216 2197 Loci
1234 2154 1315 2199 eum
1330 2137 1466 2221 precepto

458 2220 563 2305 quoad
587 2218 715 2292 Forum,
731 2217 806 2283 ibid.
824 2220 873 2283 An
898 2220 1001 2283 colere
1026 2225 1200 2285 teneantur
1225 2242 1344 2289 eorum
1360 2222 1389 2288 S.
1405 2219 1468 2285 Fun·

455 2309 600 2374 datorem
625 2328 697 2373 eum
720 2305 832 2371 feriata
857 2307 929 2382 die,
957 2306 1062 2371 adnot.
1087 2306 1109 2371 lt
1132 2306 1253 2376 Octob.
1282 2333 1315 2378 u.
1339 2312 1362 2378 l.
1384 2310 1467 2391 llegu·

454 2398 540 2464 lares
563 2397 655 2462 Feria
678 2396 786 2481 quinta
811 2395 841 2461 in
866 2395 960 2461 Coeua
983 2394 1107 2461 Domini
1139 2408 1318 2485 nequeunt
1348 2407 1413 2489 post
1431 2398 1466 2461 iu·

443 2485 575 2555 dictum
597 2487 758 2550 silentium
783 2485 821 2548 ab
842 2484 983 2550 Ecclesia
1001 2485 1131 2549 llatrice
1148 2491 1290 2572 pulsare
1308 2505 1468 2576 campanas,

456 2583 488 2640 et
503 2584 674 2660 autequam
695 2573 734 2637 ab
758 2573 817 2637 lrae
833 2574 865 2637 in
883 2573 1021 2637 Sabbato
1039 2582 1148 2638 saneto
1174 2579 1365 2662 pulsentur,
1381 2582 1468 2644 annot.

454 2665 487 2730 in
511 2664 611 2728 Hebd.
637 2663 789 2747 majorem
812 2683 843 2726 n.
869 2662 920 2726 ll.
945 2660 1037 2739 Quid,
1061 2663 1087 2726 si
1111 2666 1218 2748 quoad
1245 2667 1377 2734 Feriam
1399 2664 1470 2752 quiu-

456 2761 532 2827 tam‚
556 2752 639 2816 adsit
663 2750 857 2816 consuetudo
882 2752 1052 2825 contraria,
1077 2751 1152 2816 ibid.

414 2838 568 2927 Reliquiae
591 2839 792 2905 Sanctorum.
820 2837 902 2916 Quid
926 2840 1099 2925 requiritur
1124 2849 1159 2905 ut
1183 2844 1318 2910 ratione
1343 2841 1472 2929 lleliquia

456 2930 525 2997 fieri
549 2931 650 3012 possit
674 2927 841 3003 llllicium,
865 2927 972 2992 adnot.
999 2929 1038 2992 15
1064 2928 1154 2992 lllnrt.
1181 2950 1214 2994 u.
1240 2931 1289 2998 Ill
1315 2942 1348 2999 et
1370 2933 1415 2997 lV.
1436 2931 1472 2994 dn

457 3018 489 3082 in
512 3017 719 3081 Processioue
743 3015 859 3082 deterri
885 3026 1002 3101 queant
1025 3016 1084 3080 sub
1107 3016 1325 3096 baldachino,
1350 3014 1473 3086 adnati

457 3105 530 3190 lllaji
554 3126 584 3169 n.
608 3105 660 3168 lll.
680 3106 726 3169 bu
751 3105 879 3169 Festum
904 3106 1043 3170 omnium
1069 3106 1163 3170 simul
1189 3106 1415 3194 Reliquiarum
1436 3125 1476 3171 cu·

455 3193 557 3279 jusvis
588 3191 716 3258 Ordinis
746 3195 795 3258 vel
820 3193 971 3258 Dioecesis
1000 3195 1304 3262 connumerandum
1339 3200 1380 3263 sit
1408 3199 1475 3261 inter

459 3283 623 3369 primaria,
647 3282 754 3346 adnot.
781 3283 820 3346 l5
844 3283 936 3347 biart.
960 3302 991 3346 n.
1008 3281 1044 3345 V.
1070 3283 1116 3346 dn
1142 3283 1341 3370 Symbolum
1366 3282 1477 3352 recitari

460 3382 555 3457 queat
577 3374 610 3436 iu
634 3371 701 3456 ejus
725 3370 830 3446 blissa,
854 3369 928 3435 ibid.
953 3391 983 3434 n.
1009 3370 1047 3434 ll.
1064 3369 1142 3435 Vide
1157 3371 1297 3458 Liparum
1323 3377 1355 3440 S.
1376 3371 1475 3440 Crucis.

415 3458 628 3546 Responsoria
641 3467 713 3544 post
726 3458 891 3523 Lectiones
908 3459 1065 3524 undenam
1083 3457 1256 3528 sumuntur
1275 3462 1309 3528 iu
1329 3463 1422 3538 feriis,
1435 3480 1480 3526 au·

460 3558 526 3614 not.
552 3570 569 3614 a
593 3550 780 3614 Pentecoste
804 3547 843 3611 ad
868 3547 1043 3612 Adventum
1069 3567 1099 3612 n.
1126 3550 1162 3622 5;
1187 3556 1222 3614 ct
1245 3552 1279 3617 in
1304 3552 1390 3616 iestis
1415 3551 1479 3614 sim-

460 3638 608 3722 plicibus,
633 3637 739 3700 adnot.
758 3635 799 3699 tt
814 3635 890 3720 Apr.
909 3658 938 3701 n.
956 3635 1008 3700 lll.
1028 3634 1194 3713 Quomodo
1220 3638 1303 3706 liunt
1324 3639 1479 3724 repetitio·

459 3744 527 3800 uas,
545 3727 572 3788 si
589 3725 803 3810 Responsoria
828 3724 951 3789 duobus
975 3731 1122 3789 constent
1147 3730 1328 3805 asteriscis,
1345 3723 1479 3793 adnotd

459 3811 529 3876 Jau.
555 3835 585 3876 u.
618 3813 670 3877 Ill.
695 3811 814 3891 Quibus
840 3814 870 3877 in
895 3811 1012 3877 Olticiis
1042 3811 1159 3879 dicitur
1181 3814 1214 3900 id.
1239 3816 1321 3882 Hoee
1344 3827 1386 3881 est
1417 3833 1478 3880 uero

459 3899 665 3978 Frater-unas,
683 3901 789 3966 adnot.
809 3901 849 3966 ld
874 3901 943 3967 Jan.
960 3923 991 3966 n.
1009 3901 1038 3974 l;
1063 3910 1095 3966 et
1117 3903 1150 3967 in
1175 3905 1297 3988 quibus
1315 3907 1344 3992 nl.
1362 3903 1480 3970 Dnnrine

485 3989 659 4063 rceoeuisti,
692 3990 799 4054 adnot.
826 3990 865 4055 ld
891 3990 1054 4055 Februarii
1078 4012 1109 4056 u.
1134 3991 1159 4056 Ι.
1184 3994 1250 4058 Cur
1275 3996 1309 4061 in
1335 3995 1433 4081 primo
1453 3990 1479 4075 d.

459 4010 633 4152 ssominicae
651 4077 904 4145 Resurrectionis
921 4099 958 4146 ac
975 4079 1095 4148 Natalis
1112 4078 1241 4149 Domini
1266 4083 1406 4152 addatur
1422 4079 1481 4148 Gla
