3484 4875
228 933 236 1044 l

523 420 616 467 carun
632 422 671 467 ιν.
689 422 727 467 nn
742 422 960 468 rnnusnarroun
976 424 1128 498 rasrrrnuu
1291 409 1328 474 5l

241 515 243 520 ’
301 526 387 592 donis
400 525 434 592 S.
448 524 580 593 Joannis
592 527 754 613 baptiste,
773 530 936 615 utriusque
951 528 1115 597 Cathedrac
1128 530 1160 597 S.
1174 532 1269 609 Petri,
1286 535 1354 622 ejus

298 614 512 691 liaculorum,
536 616 756 683 Conversionis
773 617 805 683 S.
823 618 923 694 Pauli,
940 618 972 684 S.
989 619 1118 686 loannis
1139 629 1211 686 ante
1227 631 1353 708 portam

294 702 449 781 Latinam,
474 724 637 771 sacrorum
656 705 846 791 stigmatum
870 706 902 772 S.
920 708 952 772 P.
972 707 1141 785 Francisci,
1161 709 1352 778 Inventionis

292 802 320 859 et
341 792 578 859 Translationis
601 793 802 871 Sanctorum,
825 796 1037 862 Dedicationis
1062 806 1092 863 et
1115 798 1265 865 Titularis
1289 799 1348 866 llo·

294 883 396 949 clesiae
413 902 478 948 non
496 884 643 969 propriae,
668 892 700 949 et
723 893 829 951 cetera
851 885 976 950 similia.
1000 885 1095 952 boor.
1109 887 1211 975 pecul.
1228 910 1257 952 n.
1275 888 1350 967 lat,

290 971 318 1036 S.
340 970 377 1036 R.
407 970 440 1037 0.
474 972 490 1035 l
516 971 708 1061 Sopatma
736 972 769 1039 io
797 995 860 1039 uon
890 973 1035 1061 Conprep.
1059 974 1112 1041 SS.
1136 975 1351 1067 Redemptoris

290 1280 412 1344 tntum
434 1298 500 1342 esse
520 1298 535 1340 a
556 1284 585 1342 S.
598 1281 672 1342 Sede
691 1298 758 1341 cum
780 1280 912 1358 probarit
932 1290 1042 1343 nostras
1065 1285 1226 1362 peculiares
1239 1286 1349 1347 llnbri·

291 1379 342 1436 ας,
359 1362 413 1424 ubi
436 1362 477 1437 (u.
494 1363 562 1435 tal)
583 1368 703 1441 utraque
725 1362 864 1423 cathedra
885 1365 914 1421 S.
937 1363 1023 1435 Petri,
1044 1365 1198 1425 Conversio
1219 1369 1248 1426 S.
1266 1364 1344 1426 Pauli

291 1448 337 1503 ele.
355 1459 501 1520 expresse
522 1441 746 1501 adnumerantur
768 1441 841 1502 inter
861 1445 943 1501 Festa
966 1443 1157 1515 secundaria,
1179 1444 1206 1505 in
1227 1444 1347 1524 quibus,

287 1528 422 1600 utsupra
444 1520 553 1581 dictum
573 1529 626 1590 est,
639 1520 733 1599 quoad
757 1520 951 1596 praelationem
968 1540 1022 1582 non
1044 1522 1200 1584 attenditur
1221 1525 1346 1600 dignitas

283 1602 416 1681 quamvis
436 1600 565 1677 insignis.
588 1604 729 1661 Praeterea
750 1604 831 1662 Festa
853 1601 882 1660 in
905 1600 952 1660 illa
974 1602 1091 1663 Tabella
1113 1613 1218 1676 notata,
1237 1606 1348 1664 elavata

283 1679 402 1759 quidem
418 1681 537 1741 luerunt
557 1699 572 1739 a
594 1680 739 1741 Clemente
754 1682 816 1740 Vlll
837 1698 852 1739 a
876 1680 930 1739 ritu
952 1680 1060 1759 duplici
1082 1683 1185 1743 minori
1208 1684 1243 1744 ad
1259 1684 1347 1745 ritum

281 1760 430 1839 duplicem
460 1759 617 1838 maJorem3
648 1760 698 1819 sed
728 1759 773 1819 hio
804 1757 875 1819 ritus
907 1759 977 1838 ipsis
999 1781 1053 1822 nou
1081 1764 1210 1839 congruit
1230 1783 1266 1825 ex
1288 1765 1348 1825 ulla

279 1840 418 1919 explicita
449 1840 583 1902 Rubricae
613 1839 818 1916 dispositione,
850 1858 915 1901 cum
948 1839 977 1900 iu
1008 1860 1128 1920 corpore
1149 1842 1345 1905 Rubriearum

227 1953 237 2016 '.
279 1920 362 1982 nulla
385 1919 422 1980 de
436 1917 493 1979 illis
515 1919 620 1980 mentio
640 1918 703 1993 hat3
719 1938 751 1979 ac
774 1938 825 1997 per
845 1939 1022 2000 consequens
1041 1920 1123 1999 juxta
1143 1923 1276 1984 Auctoris
1297 1942 1347 1984 no-

278 2000 330 2062 stri
353 2007 478 2078 systema
493 1999 726 2061 connumeranda
742 2000 835 2059 loreut
856 1998 929 2059 iuter
951 1999 1078 2077 duplicia
1100 2001 1282 2064 secundaria.
1303 2006 1348 2064 ln·

278 2098 370 2159 super
400 2078 497 2140 titulus
517 2080 685 2139 eorumdem
708 2080 735 2139 in
757 2078 875 2139 Tabella
896 2087 958 2140 est:
981 2082 1126 2157 anh‘oto
1149 2082 1271 2158 rrrop‘oro
1288 2102 1347 2158 per

283 2179 404 2229 nuum,
419 2178 484 2235 pute
504 2162 672 2236 duplicibus
686 2161 850 2218 mc'aorc'bus
862 2158 1081 2236 praedarentur.
1093 2161 1122 2222 Si
1144 2178 1212 2237 ergo
1228 2161 1348 2222 Tabella

285 2257 338 2302 nnn
357 2240 480 2320 praefert
499 2258 532 2300 ea
553 2239 606 2299 nisi
628 2238 793 2317 duplicibus
815 2239 995 2312 minoribus,
1021 2241 1086 2300 hinc
1109 2239 1236 2299 validum
1259 2258 1346 2317 argu·

281 2325 406 2382 mentum
428 2318 555 2389 elicitur,
569 2338 626 2380 non
647 2320 714 2379 item
736 2320 791 2378 illis
812 2336 900 2395 super
921 2319 976 2378 alla
998 2318 1124 2397 duplicia
1141 2317 1246 2397 majora
1269 2339 1342 2398 prae·

281 2400 415 2463 lationem
445 2417 561 2478 semper
582 2416 647 2460 csse
666 2398 872 2473 tribuendam,
898 2399 1141 2478 quemadmodum
1162 2399 1224 2461 rull
1244 2405 1350 2463 ductor

282 2478 509 2543 Dbsertationis.

334 2564 363 2625 2.
385 2561 469 2622 ldem
490 2564 595 2622 drrctor
617 2566 709 2638 urget,
730 2559 805 2639 quod
828 2558 851 2618 si
874 2563 955 2621 Festa
976 2558 1070 2621 omnio
1093 2559 1229 2639 primaria
1255 2569 1352 2622 essent

282 2657 396 2722 qnoque
416 2639 545 2718 duplicia
568 2641 720 2715 primaria,
742 2649 770 2700 et
790 2644 871 2702 Festa
893 2640 1062 2700 secundaria
1084 2658 1199 2719 semper
1219 2640 1350 2720 duplicia

280 2719 473 2793 mandaria,
496 2719 523 2780 id
545 2728 715 2800 sequeretur
735 2720 852 2782 absurdi
874 2727 905 2779 ut
925 2723 1040 2781 Festum
1063 2719 1197 2797 Corporis
1220 2720 1350 2796 Christi,

281 2808 377 2879 utpote
398 2799 627 2874 secundarium,
648 2801 715 2880 quia
737 2799 880 2860 inclusum
902 2800 984 2861 Feria
1006 2803 1031 2860 V
1054 2799 1081 2860 in
1105 2803 1192 2861 Coena
1212 2801 1349 2874 Domini,

284 2878 448 2941 inoecnrsu
468 2879 513 2938 rel
535 2897 676 2941 concursu
698 2899 763 2942 eum
786 2883 870 2941 Festo
891 2878 1052 2940 Nativitatis
1072 2884 1102 2940 S.
1115 2878 1234 2940 loannis
1255 2880 1352 2959 Bapti-

256 3014 259 3023 .
283 2965 331 3020 sle
352 2957 422 3021 huic
444 2958 560 3020 cederet
579 2958 710 3022 Officium
731 2960 776 3019 vel
800 2963 944 3037 Vesperas
966 2959 1125 3038 respective
1146 2968 1244 3021 contra
1265 2969 1351 3040 atque

228 3074 240 3085 =
282 3037 446 3119 expressim
468 3038 597 3099 decernit
612 3039 739 3100 Robrica
761 3039 818 3100 Tit.
832 3043 871 3102 lX
893 3058 921 3098 n.
940 3043 1019 3100 1.-
1042 3043 1126 3118 llesp.
1144 3038 1271 3116 negando
1285 3058 1353 3120 sup-

228 3688 237 3697 “·
281 3677 335 3740 diei
357 3681 383 3740 0

281 3118 418 3197 positum,
432 3136 537 3196 nempe
557 3122 673 3179 Festum
689 3118 825 3198 Corporis
840 3118 946 3180 Christi
962 3118 1166 3179 secundarium
1181 3136 1254 3191 esse,
1268 3120 1352 3199 qnip-

286 3215 319 3276 pe
339 3216 409 3262 cum
426 3217 482 3259 uon
498 3197 630 3276 repetitio
650 3197 687 3258 sit
707 3198 825 3280 quidem
847 3200 922 3261 Festi
944 3200 1052 3277 peracti
1074 3198 1155 3258 Feria
1174 3198 1241 3258 Vin
1264 3204 1350 3260 Coena

283 3276 416 3351 Manioi,
438 3278 489 3338 sed
512 3277 589 3339 illius
610 3279 862 3358 complementum,
884 3288 917 3340 nt
936 3279 1050 3338 eruitur
1070 3295 1104 3336 ex
1126 3276 1310 3338 Lectionibus
1331 3284 1349 3340 2

282 3359 420 3429 Nocturni
442 3358 534 3419 Feriae
556 3361 574 3418 a
596 3358 670 3419 intro
692 3364 833 3420 Octavam
849 3359 978 3439 ejusdem
1002 3355 1136 3435 Corporis
1157 3355 1277 3429 Christi,
1300 3358 1349 3419 ubi

283 3438 406 3517 legitur:
433 3459 447 3490 ι
471 3437 529 3497 Etsi
551 3437 581 3498 in
603 3439 649 3498 die
672 3443 787 3510 Coenae,
809 3439 924 3518 quamdo
944 3442 1158 3499 Sacramentum
1180 3436 1350 3514 praedictum

284 3518 411 3581 noscitur
433 3516 613 3591 institutum,
643 3518 717 3579 iuter
736 3519 889 3580 lllissarum
911 3515 1049 3578 solemnia
1070 3517 1105 3576 de
1128 3515 1302 3579 institutione
1324 3519 1349 3578 i·

283 3597 361 3675 psius
375 3595 515 3739 affiecialis
534 3597 643 3738 pinecrppo
659 3599 818 3738 ttrabeatum
834 3606 923 3660 totum
939 3605 1039 3738 ttamten
1051 3594 1204 3689 'residuum
1220 3593 1348 3676 ejusdem

417 3694 495 3738 crum
517 3695 531 3736 a
617 3696 678 3740 rrsr
721 3697 862 3740 assrouem
886 3697 936 3756 per
951 3696 995 3751 me
1011 3724 1018 3750 ,
1033 3694 1107 3738 cuca
1130 3695 1212 3755 capus
1233 3695 1350 3740 renere-

282 3756 387 3821 tionem
412 3755 539 3817 Ecclesia
559 3755 609 3819 illo
630 3697 760 3838 tempporc
781 3767 947 3838 occupatur.
969 3761 1003 3819 Ut
1024 3765 1118 3817 autom
1142 3759 1254 3837 intepro
1275 3760 1349 3820 cele-

282 3835 393 3899 britatis
415 3834 516 3897 Officio
537 3835 741 3900 institutionem
763 3839 831 3898 tanti
851 3837 1027 3900 sacramenti
1050 3837 1192 3898 recoleret
1213 3838 1295 3917 plebs
1317 3839 1350 3899 li·

283 3916 407 3992 delium3
431 3919 577 3977 nonianus
598 3918 729 3980 Pontilex
746 3918 877 3979 Urbanus
899 3921 980 3978 lV....
1002 3916 1100 3977 statuit
1121 3919 1248 3996 praetatae
1268 3918 1349 3978 instl-

227 3994 232 4071 ἑ
282 3996 396 4062 tutionis
413 3995 582 4060 memoriam
603 3998 697 4078 prima
717 4000 815 4082 quinta
830 3996 911 4062 Feria
934 4007 998 4080 post
1013 4001 1149 4061 Octavam
1165 4001 1346 4067 pentecostes
