3484 4875
340 481 404 550 tet
577 502 798 550 antoninianus
814 503 844 549 m
860 503 951 551 unsri
966 502 1123 550 rnuuuaau

403 607 441 674 11.
467 605 598 685 Quando
621 607 752 675 Festum
775 608 1009 677 Purillcationis
1032 609 1067 675 B.
1091 608 1131 676 bl.
1149 607 1184 675 V.
1205 606 1316 675 incidit
1339 615 1353 666 ·:

358 696 557 763 Dominicam
580 697 824 783 privilegiatam,
846 700 897 765 vel
919 699 953 764 iu
976 698 1108 765 Festum
1131 696 1236 785 duplex
1337 733 1342 744 ·

360 786 483 861 classis,
508 783 700 852 transfertur
723 785 828 873 quoad
844 786 990 854 Officium
1006 793 1038 853 et
1053 786 1181 853 Missam
1196 788 1224 852 in
1240 784 1300 850 Fen‘

360 873 534 940 secundam
556 876 700 961 proxime
716 876 937 963 insequentem
953 884 1119 962 tamquam
1133 876 1165 942 in
1180 875 1307 959 sedemp
1334 871 1349 932 ἶ

359 964 487 1049 priam,
510 964 666 1029 translato
690 985 891 1052 quocumque
912 964 1007 1032 Festo
1031 965 1185 1050 aqualis,
1212 984 1263 1030 nou
1299 1013 1300 1016 ,
1335 985 1344 1019 r

360 1053 483 1119 altioris
506 1052 588 1118 ritus
611 1052 644 1118 in
666 1054 755 1119 illam
778 1062 977 1135 occurrente.
993 1054 1025 1119 S.
1043 1052 1080 1119 R.
1101 1053 1132 1120 G.
1149 1052 1190 1119 20
1205 1052 1260 1118 lul.
1274 1049 1298 1116 ll

359 1140 450 1208 Dear.
473 1160 576 1227 parrer.
600 1150 629 1205 et
644 1141 740 1208 Rabr.
762 1144 864 1231 pecul.
888 1165 918 1210 a.
942 1142 995 1209 99.
1020 1140 1055 1207 Si
1077 1141 1194 1208 alicubi
1212 1141 1254 1206 die
1269 1148 1286 1205 t·
1305 1140 1353 1202 ’'-i

359 1228 525 1296 Februarii
547 1238 697 1296 occurrat
719 1230 848 1298 Festum
873 1231 989 1318 duplex
1011 1231 1124 1317 prima
1152 1230 1268 1310 classis,
1347 1263 1353 1286 ι

359 1316 491 1387 Festum
506 1318 738 1385 Purilicationis
755 1320 923 1386 translerri
941 1327 1068 1406 oportet
1084 1320 1118 1384 iu
1134 1318 1216 1385 diem
1230 1339 1272 1404 qu
1291 1341 1298 1364 ‘⁶
1336 1346 1340 1372 a

360 1405 524 1473 Februarii
541 1407 662 1492 pariter
678 1409 761 1474 utin
777 1408 886 1475 sedem
903 1408 1077 1495 propriam.
1094 1408 1126 1473 S.
1144 1407 1180 1473 R.
1200 1406 1259 1473 at
1284 1411 1300 1456 ‘s
1347 1427 1353 1466 τ

363 1496 448 1562 teto
471 1496 503 1560 ia
517 1494 710 1562 Maeoticae.
727 1496 769 1562 ad
785 1498 815 1563 l.
832 1498 950 1563 Varum
966 1497 1021 1563 ubi
1037 1496 1218 1563 Purificatio
1231 1492 1299 1561 bll
1316 1512 1318 1539 ³

362 1593 412 1650 est
434 1584 621 1671 principalis
644 1586 783 1652 Patrona
805 1587 855 1652 vel
883 1586 1050 1662 Titularis‚
1075 1584 1250 1651 celebratur
1273 1581 1302 1647 ei
1349 1603 1353 1644 ε

360 1673 393 1737 in
417 1692 552 1739 occursu
576 1673 748 1740 Dominica
764 1674 972 1761 privilegiata
988 1672 1137 1740 secundm
1161 1673 1298 1749 classisr
1339 1705 1344 1711 ·

362 1763 666 1828 commemoratione
689 1761 872 1840 Dominicae,
897 1764 922 1847 9,
936 1764 1087 1829 Lectione
1110 1758 1288 1828 bomiliaad
1347 1783 1353 1802 ²

362 1852 515 1927 intimum,
540 1857 571 1916 et
595 1851 737 1937 ejusdem
768 1852 942 1937 Evangelio
972 1853 1004 1917 iu
1035 1852 1097 1917 line
1128 1851 1238 1917 Missa.
1259 1847 1303 1913 a*
1345 1853 1349 1858 ’

363 1960 435 2023 quoe
455 1961 552 2027 supra
569 1940 845 2006 animadvertimus
861 1942 998 2007 iollam.
1015 1940 1193 2028 Septuapee.
1208 1962 1236 2004 a.
1249 1937 1274 2003 b
1285 1934 1301 2000 l*

362 2027 417 2092 ubi
440 2028 692 2095 extraordinaria
708 2038 756 2095 est
773 2030 883 2116 populi
898 2028 1076 2115 frequentia
1094 2028 1134 2093 ad
1151 2028 1269 2094 Festum
1287 2029 1308 2079 *r
1344 2054 1353 2088 .

366 2114 534 2193 ficationis,
551 2119 673 2184 cantari
697 2126 803 2204 potest
825 2118 893 2204 ejus
916 2118 1022 2194 Missa,
1043 2118 1188 2204 quamvis
1209 2112 1302 2181 incidat

362 2202 560 2274 Dominicam
584 2208 816 2293 privilegiatam
838 2215 875 2272 ut
898 2226 1005 2293 supra.
1033 2206 1144 2291 Confer
1168 2228 1193 2271 c.
1215 2206 1232 2271 8
1252 2199 1302 2268 ai

365 2294 395 2360 6.
413 2295 513 2362 Porro
537 2296 569 2361 iu
586 2295 646 2361 boc
661 2315 787 2382 quoque
810 2316 886 2362 casu
907 2295 999 2362 decet
1019 2295 1149 2360 omnino
1175 2302 1209 2360 ut
1223 2292 1327 2359 auter*

364 2383 503 2452 nedictio
520 2392 552 2452 et
568 2383 749 2452 distributio
765 2384 977 2452 candelarum
1000 2390 1095 2469 atque
1118 2382 1283 2458 Processit,

365 2481 398 2538 et
420 2476 563 2561 aspersio
579 2475 678 2560 Aquae
694 2475 838 2541 lustralis
861 2475 894 2540 iu
917 2473 1092 2549 flaminica,
1115 2472 1287 2559 peragatur}
1307 2529 1320 2560 ,ὦ

365 2563 426 2628 alia
452 2562 640 2630 decantetur
661 2563 757 2630 Missa
780 2564 1004 2630 Conventualis
1026 2561 1065 2627 de
1089 2561 1152 2638 die,
1177 2568 1242 2628 tum
1267 2588 1287 2617 r·

365 2658 438 2716 ante
454 2652 549 2718 istam
571 2651 624 2718 liet
648 2653 801 2739 aspersio.
828 2652 931 2718 Caaal.
956 2651 1035 2718 tal
1058 2672 1083 2715 e.
1103 2651 1144 2716 lb
1168 2650 1198 2716 d.
1216 2651 1254 2716 tt
1271 2670 1302 2712 a·
1324 2733 1326 2740 Α

408 2738 462 2804 Ill.
485 2740 563 2806 Post
586 2740 852 2818 Purilicationem,
875 2741 958 2806 idest
981 2739 1229 2826 adempleturio
1251 2733 1298 2804 diei

366 2825 477 2893 cundae
500 2828 666 2895 Februarii
700 2830 874 2907 inclusive,
905 2848 1097 2917 quamquam
1120 2827 1250 2895 Festum
1276 2832 1280 2856 ¹
1320 2829 1328 2870 ·'=

364 2916 499 2982 cationis
522 2917 735 2985 transferatur
756 2920 806 2985 rel
829 2917 946 2984 habeat
962 2916 1125 2994 Octavam,
1148 2910 1299 3004 usquead
1329 2935 1331 2940 ·

363 3004 446 3070 riam
469 3015 617 3091 quartam
639 3009 770 3094 majoris
794 3005 1007 3073 Hebdomada
1028 3008 1187 3073 recitatur
1205 3004 1274 3072 Anti
1332 3033 1335 3037 >

364 3092 469 3158 finalis
498 3095 562 3160 Aac
584 3095 701 3180 Rapina
730 3096 878 3162 caelorum
907 3104 966 3162 etc.
997 3094 1092 3160 neor.
1117 3091 1309 3161 Breuiarriat

365 3182 402 3247 ll.
422 3180 454 3247 G.
473 3182 510 3248 ll
537 3183 608 3250 loa.
626 3186 708 3253 leel
735 3186 825 3251 Fecr.
840 3205 944 3272 perer.
961 3193 991 3250 et
1012 3185 1053 3249 ld
1069 3182 1142 3250 Jaa.
1161 3183 1246 3250 lddb
1266 3181 1310 3246 io¹

369 3269 543 3336 Galliarum
567 3274 609 3339 ad
632 3275 662 3340 6.

409 3358 461 3425 lv.
485 3362 667 3448 Antiphona
689 3362 793 3429 finalis
817 3360 950 3428 dicenda
973 3369 1023 3428 est
1044 3360 1160 3428 stando
1185 3360 1285 3449 (ultra
1313 3395 1317 3401 r
1341 3379 1342 3389 ¹

366 3469 427 3535 pus
450 3449 627 3537 Pascbale)
650 3472 669 3518 a
692 3451 804 3538 primis
826 3449 976 3537 Vesperis
1000 3448 1132 3516 Sabbati
1155 3470 1258 3536 usque
1273 3442 1342 3513 aua

367 3558 477 3604 casum
501 3540 578 3606 solis
603 3540 664 3606 diei
687 3539 849 3627 sequentis
873 3538 1132 3627 (comprehensis
1152 3530 1328 3626 crepusculi

368 3629 495 3693 etiamsi
516 3628 602 3695 intra
624 3627 792 3716 prelatum
808 3636 935 3714 tempus
951 3648 1014 3693 non
1030 3628 1186 3695 recitetur
1200 3622 1348 3694 Mannum

368 3735 442 3780 cum
465 3715 626 3784 Laudibus
649 3717 833 3794 Dominicae,
855 3716 912 3784 sed
935 3716 1094 3805 (aliquam
1110 3717 1151 3783 ob
1169 3709 1307 3866 causamp
1320 3696 1353 3772 6

368 3801 501 3870 Sabbati
529 3807 580 3874 vel
601 3806 702 3873 Feriae
725 3806 883 3874 secunda.
906 3805 938 3872 S.
962 3805 998 3871 R.
1026 3805 1058 3872 6.
1083 3805 1125 3872 lu
1147 3805 1227 3872 Nau.
1250 3801 1287 3871 tt
1305 3798 1351 3866 lt*

368 3911 431 3956 aaa
454 3891 633 3960 Marsorum
656 3896 698 3961 ad
718 3895 772 3963 45.
806 3894 1068 3981 Quandoquidem
1097 3895 1132 3961 in
1155 3914 1235 3963 casu
1254 3893 1308 3959 boa
1322 3899 1352 3952 tt

368 3980 444 4064 gula
466 3983 574 4049 standi
596 3983 733 4071 peteuda
755 3992 804 4051 est
826 4005 846 4052 a
869 3985 1022 4071 qualitate
1045 3982 1130 4062 diei,
1153 4003 1220 4052 uon
1242 3985 1353 4071 autent

369 4069 524 4161 qualitate
545 4069 658 4143 Officii.
684 4073 855 4143 Gardellirri
876 4073 932 4142 aab
954 4095 985 4146 a.
1003 4073 1102 4147 4599.
1125 4071 1353 4148 ltibboninu-rt

1330 3521 1344 3612 γ
