3484 4875
367 496 430 562 tud
647 511 824 559 laromam
838 511 913 559 rnsr
930 512 1124 559 serraturis

344 625 444 711 prius,
462 622 558 688 tertia
575 641 614 688 ex
631 621 686 689 illo
705 619 791 707 quod
810 622 974 709 posterius
999 628 1058 687 est.
1076 621 1174 687 Ertha.
1188 622 1291 709 pecul.
1307 644 1334 686 n.
1349 622 1396 688 lut

343 735 380 778 uc
406 712 509 778 Cnuul.
536 712 622 776 tuh
649 733 676 776 e.
703 711 744 775 54
769 710 798 775 d.
826 711 867 775 15
893 734 922 776 n.
951 712 980 775 5.

410 802 461 867 tc.
478 802 555 866 Post
573 798 726 865 Octavam
743 798 931 885 Epiphaniae
949 806 1157 866 resumuntur
1175 798 1339 883 Suffragia,
1353 819 1396 885 pm·

343 891 458 976 quibus
480 890 552 955 vide
576 910 647 975 quae
677 889 900 955 adnotavimus
924 889 983 954 suh
1017 888 1067 955 die
1097 888 1137 954 tu
1163 888 1307 954 lanrrarii
1334 888 1394 954 ull

343 989 375 1044 et
398 999 487 1064 seqq.
503 979 539 1044 ln
563 977 674 1045 Oilreio
702 977 893 1044 Dominicali
917 978 1145 1043 Absolutioucs
1170 987 1203 1043 et
1226 977 1398 1044 Benedictio·

341 1088 399 1132 nes
415 1076 490 1133 sunt
506 1076 541 1133 ut
557 1068 590 1132 iu
607 1067 776 1132 llominiea
800 1067 904 1150 prima
928 1066 1107 1141 Adventum
1125 1068 1158 1131 in
1175 1066 1293 1133 Eeriali
1309 1065 1393 1131 ulfini·

342 1164 416 1222 sunt
447 1158 569 1243 pariter
600 1165 636 1222 ut
665 1157 698 1221 in
729 1156 895 1221 llnmiuica
925 1157 1030 1241 prima
1054 1156 1241 1231 Adventus,
1274 1155 1325 1221 sed
1353 1156 1390 1220 h'

342 1246 470 1319 ordinm
495 1266 621 1332 nempe,
638 1244 731 1310 Eeria
755 1245 896 1312 secunda
920 1252 952 1309 et
976 1246 1089 1330 quinta
1114 1245 1284 1310 Absolutio
1307 1253 1336 1309 et

341 1335 540 1400 nedictioues
565 1355 582 1399 e
601 1336 616 1399 l
635 1333 800 1400 Nocturna
823 1342 1036 1420 usurpantur;
1054 1333 1146 1401 Feria
1172 1336 1267 1400 tertia
1284 1341 1313 1397 et
1329 1354 1373 1400 sea

342 1422 613 1497 eENoeturnm
645 1422 738 1487 Eeria
772 1432 888 1509 quarta
919 1431 951 1488 et
982 1421 1123 1488 Sabbata
1155 1442 1171 1486 e
1203 1422 1394 1495 5Noeturm

343 1510 474 1590 Quoties
499 1522 564 1578 tres
588 1512 757 1577 Lectiones
783 1518 860 1577 sunt
877 1510 916 1576 de
940 1511 1081 1588 homilia,
1098 1512 1268 1577 absolutio
1292 1510 1394 1597 quiden

343 1600 514 1665 adhibetur
537 1610 572 1666 ut
596 1620 705 1686 supra,
722 1600 966 1667 Benedictiones
992 1608 1101 1666 tamen
1116 1620 1246 1687 semper
1263 1602 1395 1687 accipian

343 1697 397 1753 tur
429 1709 467 1754 ex
491 1689 509 1753 5
533 1688 719 1762 Nocturna:
753 1710 828 1757 cum
850 1709 925 1754 uero
951 1710 1015 1754 non
1040 1698 1116 1755 sunt
1140 1688 1180 1754 de
1203 1690 1348 1766 homilia,

229 1808 234 1816 ·
342 1776 586 1843 henedictiones
611 1779 774 1844 sumenda
799 1785 875 1844 sunt
898 1798 936 1844 ex
960 1778 1172 1855 tunetunc,
1196 1781 1299 1863 prima
1320 1778 1373 1843 lleu

343 1865 442 1930 dictio
466 1868 528 1931 erit
550 1867 606 1932 llte
629 1888 682 1931 nos
707 1867 867 1932 benedicat
891 1874 968 1941 etc,
993 1867 1132 1933 secunda
1157 1867 1340 1932 Dicinnma
1378 1864 1389 1938 ἶ

342 1955 431 2029 liram,
456 1956 551 2020 tertia
575 1955 624 2021 Ad
648 1957 828 2021 societatem
851 1963 912 2021 etc.
937 1954 1031 2021 Rubr.
1058 1956 1103 2021 tit.
1128 1956 1171 2020 25
1195 1979 1225 2021 n:
1246 1957 1309 2035 tt
1330 1966 1354 2020 et
1371 1953 1392 2020 d.

342 2043 390 2108 Ah
414 2042 535 2109 Octava
559 2043 746 2130 Epiphaniae
770 2064 870 2131 usque
896 2043 935 2109 ad
959 2043 1239 2131 septuagesimam
1261 2035 1400 2111 hahentur‘

343 2132 374 2197 in
399 2132 536 2217 singulis
559 2132 662 2199 Eeriis
686 2134 737 2220 itit.
763 2134 916 2219 propria,
940 2142 1073 2218 excepto
1099 2133 1265 2211 sabbato,
1289 2136 1318 2199 in
1337 2129 1413 2219 quo*

343 2222 471 2307 quando
503 2222 539 2288 lit
562 2221 601 2287 de
624 2222 738 2298 Eeria,
771 2223 922 2288 dicuntur
952 2222 1002 2308 dri).
1028 2221 1128 2287 reric
1162 2231 1297 2309 quartae.
1317 2221 1389 2287 lludr.

343 2312 388 2375 tit.
414 2312 456 2376 27
480 2334 511 2377 n.
538 2314 567 2376 5.
592 2311 628 2376 ln
657 2309 767 2376 Officio
792 2311 831 2376 de
854 2311 1013 2395 Tempore
1037 2311 1184 2397 Capitula
1209 2308 1390 2378 Domiuiealia

343 2398 511 2486 adsignata
536 2402 569 2468 in
592 2399 748 2467 Psalterio
774 2420 832 2487 pro
857 2401 1001 2486 utrisque
1017 2400 1179 2487 Vesperis,
1201 2401 1353 2468 Laudibus

341 2488 459 2567 Horis,
492 2491 644 2575 leguntur
675 2510 694 2556 a
724 2489 889 2555 Dominiea
921 2489 1061 2555 secunda
1097 2499 1172 2576 post
1207 2488 1386 2578 Epiphani‘]

343 2599 444 2664 usque
469 2579 510 2643 ad
534 2577 832 2664 septuagesimam:
858 2578 1005 2664 Capitula
1029 2585 1135 2644 autem
1170 2579 1293 2647 ferialia
1315 2599 1349 2645 us
1389 2656 1392 2663 Ι

342 2667 383 2732 ad
407 2668 544 2752 primam
567 2668 767 2733 [dominicam
791 2666 1063 2750 Quadragesimae.
1081 2667 1178 2734 uuor.
1204 2670 1250 2734 tit.
1274 2669 1313 2734 ss
1335 2662 1413 2733 Μ’.

342 2756 368 2819 Α
386 2755 551 2821 llominica
567 2756 709 2821 secunda
726 2766 800 2842 post
815 2756 1027 2842 Epiphaniam
1043 2777 1144 2841 usque
1162 2758 1203 2823 ad
1219 2758 1413 2845 Dominicau3

343 2845 482 2927 primam
506 2843 767 2929 Quadragesimae
799 2846 832 2910 in
856 2844 967 2910 Officio
992 2845 1031 2910 de
1055 2846 1214 2932 Tenapore
1244 2849 1398 2912 recitantur

342 2931 458 3017 Hymni
482 2940 517 2997 ut
539 2933 573 2997 in
596 2934 766 3009 Psalterio,
783 2934 839 2999 sed
863 2935 895 3000 in
919 2933 1084 2999 Dominica
1102 2935 1141 3000 ad
1160 2936 1347 3003 Matutiuum
1365 2931 1397 2997 di·

344 3021 427 3085 citur
450 3019 594 3108 Hymnus
618 3022 726 3087 Princo
751 3022 811 3096 die,
828 3033 860 3088 et
885 3022 925 3087 ad
948 3022 1072 3088 Laudes
1089 3023 1219 3088 AEterne
1245 3037 1306 3090 etc.
1323 3014 1413 3089 unn.-'

342 3108 394 3173 ibi.
419 3108 517 3176 Extra
540 3118 667 3198 tempus
692 3112 847 3176 Paschale
870 3113 1030 3177 omittitur
1057 3111 1096 3178 Te
1120 3112 1224 3177 llenm
1253 3116 1286 3180 in
1310 3108 1398 3179 llll&

342 3196 456 3264 feriali.
491 3198 585 3265 uuor.
612 3201 657 3265 tit.
683 3201 720 3265 al
749 3224 778 3266 n.
803 3200 834 3266 2.
860 3200 985 3269 Dicitur
1016 3211 1123 3266 tamen
1156 3196 1395 3288 semper-unta

342 3287 517 3354 Dominicae
548 3289 783 3375 praecedentis,
816 3289 943 3376 quando
977 3292 1107 3376 propria
1131 3310 1195 3355 non
1224 3294 1396 3376 assignatur.

343 3377 438 3444 Rubr.
465 3378 509 3443 tit.
528 3378 568 3443 50
592 3402 622 3443 n.
640 3378 670 3445 2.
689 3378 837 3445 Psalmus
864 3377 1058 3465 Confiternint'
1080 3378 1269 3464 adjungitur
1292 3380 1329 3447 ad
1348 3368 1413 3451 Pli-¹

343 3487 429 3533 mam
452 3468 485 3532 in
508 3467 681 3532 llominicis
706 3467 851 3553 (quoties
876 3467 914 3532 de
938 3466 1103 3533 Dominiea
1124 3466 1275 3543 usticiam
1295 3394 1413 3563 agitatu

344 3577 417 3622 cum
448 3557 519 3621 aliis
543 3556 681 3622 Psalmis
713 3557 745 3621 in
769 3556 926 3624 Psalterio
959 3558 1179 3643 praescriptiS‚
1213 3555 1413 3629 allomiuies.

344 3643 484 3709 secunda
507 3654 581 3731 post
599 3645 811 3730 Epiphaniam
827 3665 928 3730 usque
953 3646 993 3709 ad
1016 3644 1305 3731 Septuagesimam.
1321 3643 1406 3717 hou„

344 3734 389 3797 n't.
406 3732 449 3796 Ἠ
471 3755 501 3798 n.
519 3734 549 3799 5.
566 3733 601 3799 si
618 3734 650 3799 in
668 3734 841 3800 Eonrirricis
857 3743 931 3820 post
948 3731 1100 3800 Octavam
1117 3733 1303 3820 Epiphaniae
1318 3746 1398 3818 usquo

345 3820 385 3886 ad
417 3820 696 3906 septuagesimam
721 3833 871 3889 occurrat
903 3823 1033 3910 Festum
1058 3824 1189 3908 aliquod
1216 3817 1334 3912 ‘duplex
1360 3814 1396 3883 nt

345 3909 413 3974 dies
438 3906 567 3987 Octava,
593 3910 741 3978 Officium
766 3912 804 3978 de
827 3912 922 3977 Eesto
947 3913 995 3977 vel
1021 3912 1059 3977 de
1083 3912 1134 3977 die
1151 3910 1270 3979 Octava
1294 3917 1394 3996 agetuc

345 3998 383 4064 de
400 3997 565 4065 Dominica
586 4020 662 4065 vero
687 4000 741 4066 fiet
765 4001 1026 4066 commemoratio
1050 4002 1083 4067 iu
1107 4003 1253 4088 utrisque
1271 3993 1391 4085 Vesperlt

346 4086 532 4175 (dummodo
550 4088 655 4178 quoad
672 4090 829 4156 secundas
845 4110 909 4156 non
933 4098 1086 4176 sequatur
1103 4088 1220 4177 duplex
1236 4091 1338 4178 prima
1350 4083 1390 4149 ud
