<?xml version="1.0" encoding="UTF-8"?>
<!DOCTYPE html PUBLIC "-//W3C//DTD XHTML 1.0 Transitional//EN"
    "http://www.w3.org/TR/xhtml1/DTD/xhtml1-transitional.dtd">
<html xmlns="http://www.w3.org/1999/xhtml" xml:lang="en" lang="en">
 <head>
  <title>
</title>
<meta http-equiv="Content-Type" content="text/html;charset=utf-8" />
  <meta name='ocr-system' content='tesseract 3.04.00' />
  <meta name='ocr-capabilities' content='ocr_page ocr_carea ocr_par ocr_line ocrx_word'/>
</head>
<body>
  <div class='ocr_page' id='page_1' title='image "./kalendariumperp00carpgoog_0331.png"; bbox 0 0 3484 4875; ppageno 0'>
   <div class='ocr_carea' id='block_1_1' title="bbox 375 519 1179 587">
    <p class='ocr_par' dir='ltr' id='par_1_1' title="bbox 375 519 1179 587">
     <span class='ocr_line' id='line_1_1' title="bbox 375 519 1179 587; baseline -0.005 -1"><span class='ocrx_word' id='word_1_1' title='bbox 375 519 440 587; x_wconf 77' lang='lat' dir='ltr'><strong>tlt</strong></span> <span class='ocrx_word' id='word_1_2' title='bbox 592 537 767 586; x_wconf 74' lang='lat' dir='ltr'><strong>tunorium</strong></span> <span class='ocrx_word' id='word_1_3' title='bbox 782 527 940 583; x_wconf 77' lang='lat' dir='ltr'><strong>invasum</strong></span> <span class='ocrx_word' id='word_1_4' title='bbox 956 536 999 583; x_wconf 90' lang='lat' dir='ltr'><strong>ss.</strong></span> <span class='ocrx_word' id='word_1_5' title='bbox 1015 535 1179 583; x_wconf 82' lang='lat' dir='ltr'><strong>rnrnrrxns</strong></span> 
     </span>
    </p>
   </div>
   <div class='ocr_carea' id='block_1_2' title="bbox 336 638 1405 4103">
    <p class='ocr_par' dir='ltr' id='par_1_2' title="bbox 336 638 1405 3828">
     <span class='ocr_line' id='line_1_2' title="bbox 351 638 1405 732; baseline -0.008 -21"><span class='ocrx_word' id='word_1_6' title='bbox 351 642 435 711; x_wconf 80' lang='lat' dir='ltr'><strong>foret</strong></span> <span class='ocrx_word' id='word_1_7' title='bbox 458 643 574 730; x_wconf 83' lang='lat' dir='ltr'>duplex</span> <span class='ocrx_word' id='word_1_8' title='bbox 595 645 707 732; x_wconf 79' lang='lat' dir='ltr'><strong>prima</strong></span> <span class='ocrx_word' id='word_1_9' title='bbox 730 644 853 711; x_wconf 90' lang='lat' dir='ltr'><strong>classis.</strong></span> <span class='ocrx_word' id='word_1_10' title='bbox 870 642 967 708; x_wconf 81' lang='lat' dir='ltr'><strong>llubr.</strong></span> <span class='ocrx_word' id='word_1_11' title='bbox 989 642 1034 708; x_wconf 80' lang='lat' dir='ltr'><strong>ot.</strong></span> <span class='ocrx_word' id='word_1_12' title='bbox 1059 642 1079 709; x_wconf 83' lang='grc'><strong>9</strong></span> <span class='ocrx_word' id='word_1_13' title='bbox 1102 665 1133 706; x_wconf 86' lang='lat' dir='ltr'><strong>n.</strong></span> <span class='ocrx_word' id='word_1_14' title='bbox 1158 641 1186 708; x_wconf 79' lang='lat'><strong>5.</strong></span> <span class='ocrx_word' id='word_1_15' title='bbox 1202 638 1293 708; x_wconf 81' lang='lat' dir='ltr'><strong>Omnia</strong></span> <span class='ocrx_word' id='word_1_16' title='bbox 1307 645 1350 704; x_wconf 86' lang='lat' dir='ltr'><strong>suot</strong></span> <span class='ocrx_word' id='word_1_17' title='bbox 1380 654 1405 728; x_wconf 15' lang='grc' dir='ltr'><em>Ἀ</em></span> 
     </span>
     <span class='ocr_line' id='line_1_3' title="bbox 349 727 1405 821; baseline -0.007 -22"><span class='ocrx_word' id='word_1_18' title='bbox 349 734 501 821; x_wconf 81' lang='lat' dir='ltr'><strong>propria3</strong></span> <span class='ocrx_word' id='word_1_19' title='bbox 532 753 615 799; x_wconf 89' lang='lat' dir='ltr'><strong>nona</strong></span> <span class='ocrx_word' id='word_1_20' title='bbox 644 734 751 800; x_wconf 79' lang='lat' dir='ltr'>Lectio</span> <span class='ocrx_word' id='word_1_21' title='bbox 781 740 831 798; x_wconf 93' lang='lat' dir='ltr'><strong>est</strong></span> <span class='ocrx_word' id='word_1_22' title='bbox 863 730 902 797; x_wconf 88' lang='lat' dir='ltr'><strong>de</strong></span> <span class='ocrx_word' id='word_1_23' title='bbox 937 731 1068 797; x_wconf 86' lang='lat' dir='ltr'><strong>homilia</strong></span> <span class='ocrx_word' id='word_1_24' title='bbox 1098 729 1276 806; x_wconf 82' lang='lat' dir='ltr'><strong>Dominicae,</strong></span> <span class='ocrx_word' id='word_1_25' title='bbox 1298 727 1353 814; x_wconf 76' lang='lat' dir='ltr'><strong>cuju</strong></span> <span class='ocrx_word' id='word_1_26' title='bbox 1379 729 1405 816; x_wconf 72' lang='grc' dir='ltr'><strong>Ιἰ</strong></span> 
     </span>
     <span class='ocr_line' id='line_1_4' title="bbox 350 815 1379 906; baseline 0.003 -19"><span class='ocrx_word' id='word_1_27' title='bbox 350 824 610 888; x_wconf 81' lang='lat' dir='ltr'><strong>commemoratio</strong></span> <span class='ocrx_word' id='word_1_28' title='bbox 633 822 668 888; x_wconf 87' lang='lat' dir='ltr'><strong>lit</strong></span> <span class='ocrx_word' id='word_1_29' title='bbox 687 824 719 888; x_wconf 91' lang='lat' dir='ltr'><strong>in</strong></span> <span class='ocrx_word' id='word_1_30' title='bbox 736 820 895 887; x_wconf 81' lang='lat' dir='ltr'><strong>Laudibus</strong></span> <span class='ocrx_word' id='word_1_31' title='bbox 918 828 951 885; x_wconf 90' lang='lat' dir='ltr'><strong>et</strong></span> <span class='ocrx_word' id='word_1_32' title='bbox 972 819 1067 885; x_wconf 87' lang='lat' dir='ltr'><strong>llissa</strong></span> <span class='ocrx_word' id='word_1_33' title='bbox 1091 827 1127 886; x_wconf 90' lang='lat' dir='ltr'><strong>ut</strong></span> <span class='ocrx_word' id='word_1_34' title='bbox 1149 819 1192 885; x_wconf 93' lang='lat' dir='ltr'><strong>ibi</strong></span> <span class='ocrx_word' id='word_1_35' title='bbox 1213 839 1275 885; x_wconf 88' lang='lat' dir='ltr'><strong>cunr</strong></span> <span class='ocrx_word' id='word_1_36' title='bbox 1288 815 1351 890; x_wconf 74' lang='lat' dir='ltr'><strong>Cult</strong></span> <span class='ocrx_word' id='word_1_37' title='bbox 1378 898 1379 906; x_wconf 8' lang='grc' dir='ltr'>χ</span> 
     </span>
     <span class='ocr_line' id='line_1_5' title="bbox 350 904 1405 999; baseline -0.005 -24"><span class='ocrx_word' id='word_1_38' title='bbox 350 910 539 977; x_wconf 86' lang='lat' dir='ltr'><strong>Praeiatione</strong></span> <span class='ocrx_word' id='word_1_39' title='bbox 562 911 726 977; x_wconf 76' lang='lat' dir='ltr'><strong>Trinitatis</strong></span> <span class='ocrx_word' id='word_1_40' title='bbox 748 909 910 999; x_wconf 81' lang='lat' dir='ltr'><strong>(dicenda</strong></span> <span class='ocrx_word' id='word_1_41' title='bbox 934 909 966 974; x_wconf 91' lang='lat' dir='ltr'><strong>in</strong></span> <span class='ocrx_word' id='word_1_42' title='bbox 989 908 1133 995; x_wconf 90' lang='lat' dir='ltr'><strong>qnalibet</strong></span> <span class='ocrx_word' id='word_1_43' title='bbox 1155 904 1352 981; x_wconf 85' lang='lat' dir='ltr'><strong>Dominica,ull</strong></span> <span class='ocrx_word' id='word_1_44' title='bbox 1381 914 1405 999; x_wconf 44' lang='lat'><strong>„¹</strong></span> 
     </span>
     <span class='ocr_line' id='line_1_6' title="bbox 350 991 1405 1087; baseline -0.005 -22"><span class='ocrx_word' id='word_1_45' title='bbox 350 1019 408 1085; x_wconf 91' lang='lat' dir='ltr'><strong>per</strong></span> <span class='ocrx_word' id='word_1_46' title='bbox 430 1000 584 1065; x_wconf 84' lang='lat' dir='ltr'><strong>Rubricas</strong></span> <span class='ocrx_word' id='word_1_47' title='bbox 614 1001 676 1065; x_wconf 90' lang='lat' dir='ltr'><strong>alia</strong></span> <span class='ocrx_word' id='word_1_48' title='bbox 707 1000 836 1087; x_wconf 91' lang='lat' dir='ltr'><strong>propria</strong></span> <span class='ocrx_word' id='word_1_49' title='bbox 868 1005 931 1063; x_wconf 81' lang='lat' dir='ltr'><strong>non</strong></span> <span class='ocrx_word' id='word_1_50' title='bbox 963 999 1156 1081; x_wconf 81' lang='lat' dir='ltr'><strong>assignetur.</strong></span> <span class='ocrx_word' id='word_1_51' title='bbox 1182 991 1354 1063; x_wconf 71' lang='lat' dir='ltr'><strong>conectit</strong></span> <span class='ocrx_word' id='word_1_52' title='bbox 1396 1000 1405 1051; x_wconf 86' lang='lat' dir='ltr'><strong>l</strong></span> 
     </span>
     <span class='ocr_line' id='line_1_7' title="bbox 349 1077 1405 1175; baseline -0.008 -22"><span class='ocrx_word' id='word_1_53' title='bbox 349 1088 400 1153; x_wconf 78' lang='lat' dir='ltr'><strong>die</strong></span> <span class='ocrx_word' id='word_1_54' title='bbox 422 1088 441 1153; x_wconf 83' lang='lat'>5</span> <span class='ocrx_word' id='word_1_55' title='bbox 464 1088 536 1154; x_wconf 73' lang='lat' dir='ltr'><strong>loo.</strong></span> <span class='ocrx_word' id='word_1_56' title='bbox 561 1088 645 1154; x_wconf 71' lang='lat'><strong>4759</strong></span> <span class='ocrx_word' id='word_1_57' title='bbox 661 1088 683 1175; x_wconf 86' lang='grc'><strong>),</strong></span> <span class='ocrx_word' id='word_1_58' title='bbox 707 1098 739 1154; x_wconf 90' lang='lat' dir='ltr'><strong>et</strong></span> <span class='ocrx_word' id='word_1_59' title='bbox 762 1087 932 1171; x_wconf 82' lang='lat' dir='ltr'><strong>llvangelio</strong></span> <span class='ocrx_word' id='word_1_60' title='bbox 956 1084 1129 1152; x_wconf 82' lang='lat' dir='ltr'><strong>Dominieae</strong></span> <span class='ocrx_word' id='word_1_61' title='bbox 1152 1086 1185 1152; x_wconf 89' lang='lat' dir='ltr'><strong>in</strong></span> <span class='ocrx_word' id='word_1_62' title='bbox 1207 1086 1270 1151; x_wconf 88' lang='lat' dir='ltr'><strong>fine.</strong></span> <span class='ocrx_word' id='word_1_63' title='bbox 1288 1083 1311 1148; x_wconf 83' lang='lat' dir='ltr'><strong>si</strong></span> <span class='ocrx_word' id='word_1_64' title='bbox 1325 1079 1354 1147; x_wconf 80' lang='lat' dir='ltr'><strong>lo</strong></span> <span class='ocrx_word' id='word_1_65' title='bbox 1383 1077 1405 1139; x_wconf 71' lang='lat' dir='ltr'><strong>lt</strong></span> 
     </span>
     <span class='ocr_line' id='line_1_8' title="bbox 349 1173 1383 1263; baseline -0.003 -21"><span class='ocrx_word' id='word_1_66' title='bbox 349 1185 436 1242; x_wconf 90' lang='lat' dir='ltr'><strong>stum</strong></span> <span class='ocrx_word' id='word_1_67' title='bbox 458 1176 604 1242; x_wconf 88' lang='lat' dir='ltr'><strong>inciderit</strong></span> <span class='ocrx_word' id='word_1_68' title='bbox 627 1178 773 1262; x_wconf 82' lang='lat' dir='ltr'><strong>simplex,</strong></span> <span class='ocrx_word' id='word_1_69' title='bbox 790 1175 828 1241; x_wconf 92' lang='lat' dir='ltr'><strong>dc</strong></span> <span class='ocrx_word' id='word_1_70' title='bbox 851 1195 889 1240; x_wconf 89' lang='lat' dir='ltr'><strong>oo</strong></span> <span class='ocrx_word' id='word_1_71' title='bbox 913 1178 1176 1243; x_wconf 81' lang='lat' dir='ltr'><strong>commemoratio</strong></span> <span class='ocrx_word' id='word_1_72' title='bbox 1196 1176 1287 1260; x_wconf 83' lang='lat' dir='ltr'><strong>agitur</strong></span> <span class='ocrx_word' id='word_1_73' title='bbox 1315 1173 1355 1256; x_wconf 69' lang='lat' dir='ltr'><strong>pot</strong></span> <span class='ocrx_word' id='word_1_74' title='bbox 1381 1255 1383 1263; x_wconf 27' lang='grc' dir='ltr'>Ι</span> 
     </span>
     <span class='ocr_line' id='line_1_9' title="bbox 350 1258 1402 1352; baseline -0.007 -23"><span class='ocrx_word' id='word_1_75' title='bbox 350 1265 483 1330; x_wconf 89' lang='lat' dir='ltr'><strong>alteram</strong></span> <span class='ocrx_word' id='word_1_76' title='bbox 509 1264 704 1352; x_wconf 80' lang='lat' dir='ltr'><strong>Dominicae)</strong></span> <span class='ocrx_word' id='word_1_77' title='bbox 727 1265 760 1330; x_wconf 94' lang='lat' dir='ltr'><strong>in</strong></span> <span class='ocrx_word' id='word_1_78' title='bbox 782 1263 942 1330; x_wconf 80' lang='lat' dir='ltr'><strong>Laudibus</strong></span> <span class='ocrx_word' id='word_1_79' title='bbox 966 1284 1003 1328; x_wconf 90' lang='lat' dir='ltr'><strong>ac</strong></span> <span class='ocrx_word' id='word_1_80' title='bbox 1026 1264 1147 1341; x_wconf 88' lang='lat' dir='ltr'><strong>blissa,</strong></span> <span class='ocrx_word' id='word_1_81' title='bbox 1172 1271 1289 1351; x_wconf 86' lang='lat' dir='ltr'><strong>excepta</strong></span> <span class='ocrx_word' id='word_1_82' title='bbox 1320 1258 1357 1323; x_wconf 77' lang='lat' dir='ltr'><strong>olo·</strong></span> <span class='ocrx_word' id='word_1_83' title='bbox 1381 1274 1402 1315; x_wconf 57' lang='grc' dir='ltr'><strong>ἰ..</strong></span> 
     </span>
     <span class='ocr_line' id='line_1_10' title="bbox 349 1347 1405 1447; baseline 0.001 -28"><span class='ocrx_word' id='word_1_84' title='bbox 349 1354 436 1429; x_wconf 92' lang='lat' dir='ltr'><strong>mni,</strong></span> <span class='ocrx_word' id='word_1_85' title='bbox 460 1362 512 1430; x_wconf 89' lang='lat' dir='ltr'><strong>et,</strong></span> <span class='ocrx_word' id='word_1_86' title='bbox 536 1355 590 1420; x_wconf 93' lang='lat' dir='ltr'><strong>ubi</strong></span> <span class='ocrx_word' id='word_1_87' title='bbox 612 1354 687 1419; x_wconf 81' lang='lat' dir='ltr'><strong>bac</strong></span> <span class='ocrx_word' id='word_1_88' title='bbox 704 1353 814 1431; x_wconf 88' lang='lat' dir='ltr'><strong>deest,</strong></span> <span class='ocrx_word' id='word_1_89' title='bbox 838 1352 1045 1418; x_wconf 73' lang='lat' dir='ltr'><strong>conventuali</strong></span> <span class='ocrx_word' id='word_1_90' title='bbox 1069 1353 1163 1431; x_wconf 90' lang='lat' dir='ltr'><strong>lecta,</strong></span> <span class='ocrx_word' id='word_1_91' title='bbox 1189 1360 1222 1420; x_wconf 95' lang='lat' dir='ltr'><strong>ut</strong></span> <span class='ocrx_word' id='word_1_92' title='bbox 1242 1349 1309 1438; x_wconf 91' lang='lat' dir='ltr'><strong>apud</strong></span> <span class='ocrx_word' id='word_1_93' title='bbox 1330 1347 1359 1447; x_wconf 30' lang='lat'><strong>&#39;²</strong></span> <span class='ocrx_word' id='word_1_94' title='bbox 1383 1392 1405 1420; x_wconf 37' lang='lat'><strong>:1</strong></span> 
     </span>
     <span class='ocr_line' id='line_1_11' title="bbox 350 1440 1405 1529; baseline 0.001 -23"><span class='ocrx_word' id='word_1_95' title='bbox 350 1442 487 1526; x_wconf 84' lang='lat' dir='ltr'><strong>gulares.</strong></span> <span class='ocrx_word' id='word_1_96' title='bbox 512 1441 545 1507; x_wconf 89' lang='lat' dir='ltr'><strong>Si</strong></span> <span class='ocrx_word' id='word_1_97' title='bbox 568 1451 716 1508; x_wconf 86' lang='lat' dir='ltr'><strong>occurrat</strong></span> <span class='ocrx_word' id='word_1_98' title='bbox 739 1462 835 1528; x_wconf 91' lang='lat' dir='ltr'><strong>porro</strong></span> <span class='ocrx_word' id='word_1_99' title='bbox 858 1440 989 1506; x_wconf 90' lang='lat' dir='ltr'><strong>Festum</strong></span> <span class='ocrx_word' id='word_1_100' title='bbox 1012 1441 1115 1509; x_wconf 87' lang='lat' dir='ltr'><strong>instar</strong></span> <span class='ocrx_word' id='word_1_101' title='bbox 1138 1441 1299 1529; x_wconf 89' lang='lat' dir='ltr'><strong>simplicis,</strong></span> <span class='ocrx_word' id='word_1_102' title='bbox 1357 1489 1360 1494; x_wconf 86' lang='lat'>-</span> <span class='ocrx_word' id='word_1_103' title='bbox 1383 1443 1405 1522; x_wconf 64' lang='lat' dir='ltr'><strong>f*</strong></span> 
     </span>
     <span class='ocr_line' id='line_1_12' title="bbox 349 1527 1393 1617; baseline -0.005 -22"><span class='ocrx_word' id='word_1_104' title='bbox 349 1532 643 1597; x_wconf 82' lang='lat' dir='ltr'><strong>commemorationi</strong></span> <span class='ocrx_word' id='word_1_105' title='bbox 668 1531 763 1597; x_wconf 89' lang='lat' dir='ltr'><strong>datur</strong></span> <span class='ocrx_word' id='word_1_106' title='bbox 785 1531 876 1596; x_wconf 90' lang='lat' dir='ltr'><strong>locus</strong></span> <span class='ocrx_word' id='word_1_107' title='bbox 901 1531 933 1594; x_wconf 93' lang='lat' dir='ltr'><strong>in</strong></span> <span class='ocrx_word' id='word_1_108' title='bbox 958 1529 1102 1615; x_wconf 87' lang='lat' dir='ltr'><strong>utrisque</strong></span> <span class='ocrx_word' id='word_1_109' title='bbox 1117 1530 1273 1617; x_wconf 77' lang='lat' dir='ltr'><strong>vesperis,</strong></span> <span class='ocrx_word' id='word_1_110' title='bbox 1291 1527 1320 1591; x_wconf 88' lang='lat' dir='ltr'><strong>la</strong></span> <span class='ocrx_word' id='word_1_111' title='bbox 1353 1527 1356 1532; x_wconf 82' lang='lat'>&#39;</span> <span class='ocrx_word' id='word_1_112' title='bbox 1388 1611 1393 1615; x_wconf 25' lang='grc'><strong>,</strong></span> 
     </span>
     <span class='ocr_line' id='line_1_13' title="bbox 349 1617 1405 1703; baseline -0.001 -20"><span class='ocrx_word' id='word_1_113' title='bbox 349 1617 410 1685; x_wconf 86' lang='lat' dir='ltr'><strong>bus</strong></span> <span class='ocrx_word' id='word_1_114' title='bbox 434 1627 466 1685; x_wconf 90' lang='lat' dir='ltr'><strong>et</strong></span> <span class='ocrx_word' id='word_1_115' title='bbox 487 1620 582 1685; x_wconf 87' lang='lat' dir='ltr'><strong>llissa</strong></span> <span class='ocrx_word' id='word_1_116' title='bbox 612 1620 708 1687; x_wconf 90' lang='lat' dir='ltr'><strong>etiam</strong></span> <span class='ocrx_word' id='word_1_117' title='bbox 731 1619 884 1695; x_wconf 85' lang='lat' dir='ltr'><strong>solemni,</strong></span> <span class='ocrx_word' id='word_1_118' title='bbox 915 1625 948 1683; x_wconf 90' lang='lat' dir='ltr'><strong>et</strong></span> <span class='ocrx_word' id='word_1_119' title='bbox 974 1617 1103 1703; x_wconf 92' lang='lat' dir='ltr'><strong>quidem</strong></span> <span class='ocrx_word' id='word_1_120' title='bbox 1126 1629 1201 1686; x_wconf 89' lang='lat' dir='ltr'><strong>ante</strong></span> <span class='ocrx_word' id='word_1_121' title='bbox 1223 1636 1322 1684; x_wconf 88' lang='lat' dir='ltr'><strong>conue</strong></span> <span class='ocrx_word' id='word_1_122' title='bbox 1397 1625 1405 1653; x_wconf 45' lang='grc' dir='ltr'>ἓ</span> 
     </span>
     <span class='ocr_line' id='line_1_14' title="bbox 349 1706 1338 1792; baseline -0.004 -22"><span class='ocrx_word' id='word_1_123' title='bbox 349 1707 507 1772; x_wconf 90' lang='lat' dir='ltr'><strong>rationem</strong></span> <span class='ocrx_word' id='word_1_124' title='bbox 529 1707 712 1786; x_wconf 81' lang='lat' dir='ltr'><strong>Dominioae,</strong></span> <span class='ocrx_word' id='word_1_125' title='bbox 736 1710 763 1773; x_wconf 92' lang='lat' dir='ltr'><strong>si</strong></span> <span class='ocrx_word' id='word_1_126' title='bbox 786 1728 824 1773; x_wconf 88' lang='lat' dir='ltr'><strong>ex</strong></span> <span class='ocrx_word' id='word_1_127' title='bbox 846 1718 883 1773; x_wconf 77' lang='lat' dir='ltr'><strong>se</strong></span> <span class='ocrx_word' id='word_1_128' title='bbox 905 1706 1022 1792; x_wconf 85' lang='lat' dir='ltr'><strong>duplex</strong></span> <span class='ocrx_word' id='word_1_129' title='bbox 1045 1709 1173 1774; x_wconf 88' lang='lat' dir='ltr'><strong>existat.</strong></span> <span class='ocrx_word' id='word_1_130' title='bbox 1193 1706 1306 1775; x_wconf 76' lang='lat' dir='ltr'><strong>Consule</strong></span> <span class='ocrx_word' id='word_1_131' title='bbox 1320 1724 1338 1768; x_wconf 81' lang='lat' dir='ltr'><strong>o.</strong></span> 
     </span>
     <span class='ocr_line' id='line_1_15' title="bbox 349 1787 1405 1863; baseline -0.003 -5"><span class='ocrx_word' id='word_1_132' title='bbox 349 1816 380 1859; x_wconf 85' lang='lat' dir='ltr'><strong>n.</strong></span> <span class='ocrx_word' id='word_1_133' title='bbox 405 1794 425 1861; x_wconf 81' lang='lat'>9</span> <span class='ocrx_word' id='word_1_134' title='bbox 448 1807 477 1860; x_wconf 86' lang='lat' dir='ltr'><strong>et</strong></span> <span class='ocrx_word' id='word_1_135' title='bbox 501 1795 552 1861; x_wconf 73' lang='lat' dir='ltr'><strong>ta.</strong></span> <span class='ocrx_word' id='word_1_136' title='bbox 577 1797 624 1862; x_wconf 86' lang='lat' dir='ltr'><strong>Ad</strong></span> <span class='ocrx_word' id='word_1_137' title='bbox 648 1798 788 1862; x_wconf 90' lang='lat' dir='ltr'><strong>Primam</strong></span> <span class='ocrx_word' id='word_1_138' title='bbox 811 1797 989 1862; x_wconf 86' lang='lat' dir='ltr'><strong>recitantur</strong></span> <span class='ocrx_word' id='word_1_139' title='bbox 1011 1804 1077 1862; x_wconf 90' lang='lat' dir='ltr'><strong>tres</strong></span> <span class='ocrx_word' id='word_1_140' title='bbox 1101 1797 1220 1863; x_wconf 89' lang='lat' dir='ltr'><strong>Psalmi</strong></span> <span class='ocrx_word' id='word_1_141' title='bbox 1244 1804 1273 1862; x_wconf 90' lang='lat' dir='ltr'><strong>ut</strong></span> <span class='ocrx_word' id='word_1_142' title='bbox 1292 1787 1361 1859; x_wconf 84' lang='lat' dir='ltr'><strong>inlr</strong></span> <span class='ocrx_word' id='word_1_143' title='bbox 1400 1792 1405 1841; x_wconf 76' lang='grc' dir='ltr'>Ι</span> 
     </span>
     <span class='ocr_line' id='line_1_16' title="bbox 348 1871 1362 1973; baseline 0 -26"><span class='ocrx_word' id='word_1_144' title='bbox 348 1884 418 1959; x_wconf 89' lang='lat' dir='ltr'><strong>stis,</strong></span> <span class='ocrx_word' id='word_1_145' title='bbox 441 1884 497 1949; x_wconf 89' lang='lat' dir='ltr'><strong>sed</strong></span> <span class='ocrx_word' id='word_1_146' title='bbox 521 1884 649 1950; x_wconf 89' lang='lat' dir='ltr'><strong>additur</strong></span> <span class='ocrx_word' id='word_1_147' title='bbox 672 1884 859 1973; x_wconf 82' lang='lat' dir='ltr'><strong>Symbolum</strong></span> <span class='ocrx_word' id='word_1_148' title='bbox 885 1884 1076 1970; x_wconf 78' lang='lat' dir='ltr'><strong>Quicumque</strong></span> <span class='ocrx_word' id='word_1_149' title='bbox 1099 1894 1160 1952; x_wconf 89' lang='lat' dir='ltr'><strong>etc.</strong></span> <span class='ocrx_word' id='word_1_150' title='bbox 1184 1886 1275 1951; x_wconf 75' lang='lat' dir='ltr'><strong>liuba.</strong></span> <span class='ocrx_word' id='word_1_151' title='bbox 1295 1871 1362 1949; x_wconf 77' lang='lat' dir='ltr'><strong>tttl</strong></span> 
     </span>
     <span class='ocr_line' id='line_1_17' title="bbox 348 1972 1368 2060; baseline 0.004 -27"><span class='ocrx_word' id='word_1_152' title='bbox 348 1992 379 2044; x_wconf 76' lang='lat' dir='ltr'><strong>n,</strong></span> <span class='ocrx_word' id='word_1_153' title='bbox 402 1972 434 2037; x_wconf 74' lang='lat' dir='ltr'><strong>T.</strong></span> <span class='ocrx_word' id='word_1_154' title='bbox 454 1972 500 2037; x_wconf 80' lang='lat' dir='ltr'><strong>Ad</strong></span> <span class='ocrx_word' id='word_1_155' title='bbox 523 1973 748 2058; x_wconf 68' lang='lat' dir='ltr'><strong>aspersionem</strong></span> <span class='ocrx_word' id='word_1_156' title='bbox 772 1975 870 2060; x_wconf 83' lang='lat' dir='ltr'><strong>Aquae</strong></span> <span class='ocrx_word' id='word_1_157' title='bbox 893 1973 1067 2038; x_wconf 78' lang='lat' dir='ltr'><strong>benedicta</strong></span> <span class='ocrx_word' id='word_1_158' title='bbox 1091 1973 1211 2041; x_wconf 91' lang='lat' dir='ltr'><strong>dicitur</strong></span> <span class='ocrx_word' id='word_1_159' title='bbox 1232 1974 1315 2057; x_wconf 79' lang='lat' dir='ltr'><strong>Antip</strong></span> <span class='ocrx_word' id='word_1_160' title='bbox 1365 2003 1368 2008; x_wconf 95' lang='lat'>·</span> 
     </span>
     <span class='ocr_line' id='line_1_18' title="bbox 348 2059 1398 2149; baseline 0.001 -24"><span class='ocrx_word' id='word_1_161' title='bbox 348 2059 391 2125; x_wconf 89' lang='lat' dir='ltr'><strong>As</strong></span> <span class='ocrx_word' id='word_1_162' title='bbox 414 2082 500 2148; x_wconf 77' lang='lat' dir='ltr'><strong>erqes</strong></span> <span class='ocrx_word' id='word_1_163' title='bbox 522 2083 582 2138; x_wconf 85' lang='lat' dir='ltr'><strong>me,</strong></span> <span class='ocrx_word' id='word_1_164' title='bbox 605 2082 699 2148; x_wconf 88' lang='lat' dir='ltr'><strong>quam</strong></span> <span class='ocrx_word' id='word_1_165' title='bbox 723 2062 868 2149; x_wconf 77' lang='lat' dir='ltr'><strong>praecinit</strong></span> <span class='ocrx_word' id='word_1_166' title='bbox 892 2060 1063 2127; x_wconf 85' lang='lat' dir='ltr'><strong>Celebrans</strong></span> <span class='ocrx_word' id='word_1_167' title='bbox 1085 2060 1176 2129; x_wconf 86' lang='lat' dir='ltr'><strong>flexis</strong></span> <span class='ocrx_word' id='word_1_168' title='bbox 1198 2062 1325 2149; x_wconf 82' lang='lat' dir='ltr'><strong>genibus</strong></span> <span class='ocrx_word' id='word_1_169' title='bbox 1394 2091 1398 2104; x_wconf 90' lang='lat'><strong>·</strong></span> 
     </span>
     <span class='ocr_line' id='line_1_19' title="bbox 348 2081 1405 2241; baseline 0.005 -28"><span class='ocrx_word' id='word_1_170' title='bbox 348 2081 414 2213; x_wconf 54' lang='lat' dir='ltr'><strong>col}</strong></span> <span class='ocrx_word' id='word_1_171' title='bbox 434 2151 619 2239; x_wconf 72' lang='lat' dir='ltr'><strong>praescripto</strong></span> <span class='ocrx_word' id='word_1_172' title='bbox 642 2152 680 2217; x_wconf 86' lang='lat' dir='ltr'><strong>de</strong></span> <span class='ocrx_word' id='word_1_173' title='bbox 704 2162 841 2240; x_wconf 85' lang='lat' dir='ltr'><strong>tempore</strong></span> <span class='ocrx_word' id='word_1_174' title='bbox 864 2149 1009 2215; x_wconf 82' lang='lat' dir='ltr'><strong>Puscboli</strong></span> <span class='ocrx_word' id='word_1_175' title='bbox 1029 2173 1059 2216; x_wconf 87' lang='lat' dir='ltr'><strong>n.</strong></span> <span class='ocrx_word' id='word_1_176' title='bbox 1094 2152 1112 2216; x_wconf 87' lang='grc'>5</span> <span class='ocrx_word' id='word_1_177' title='bbox 1147 2153 1202 2218; x_wconf 82' lang='lat' dir='ltr'><strong>sub</strong></span> <span class='ocrx_word' id='word_1_178' title='bbox 1227 2152 1319 2241; x_wconf 72' lang='lat' dir='ltr'><strong>finon.</strong></span> <span class='ocrx_word' id='word_1_179' title='bbox 1338 2141 1371 2209; x_wconf 69' lang='lat' dir='ltr'><strong>Sl</strong></span> <span class='ocrx_word' id='word_1_180' title='bbox 1402 2199 1405 2228; x_wconf 68' lang='lat'><strong>,</strong></span> 
     </span>
     <span class='ocr_line' id='line_1_20' title="bbox 347 2237 1381 2326; baseline 0.007 -25"><span class='ocrx_word' id='word_1_181' title='bbox 347 2238 459 2303; x_wconf 82' lang='lat' dir='ltr'><strong>cundae</strong></span> <span class='ocrx_word' id='word_1_182' title='bbox 490 2239 638 2326; x_wconf 85' lang='lat' dir='ltr'><strong>Vesperae</strong></span> <span class='ocrx_word' id='word_1_183' title='bbox 669 2242 801 2325; x_wconf 76' lang='lat' dir='ltr'><strong>integra</strong></span> <span class='ocrx_word' id='word_1_184' title='bbox 831 2239 1057 2325; x_wconf 90' lang='lat' dir='ltr'><strong>persolvuntur</strong></span> <span class='ocrx_word' id='word_1_185' title='bbox 1080 2239 1119 2305; x_wconf 94' lang='lat' dir='ltr'><strong>de</strong></span> <span class='ocrx_word' id='word_1_186' title='bbox 1158 2240 1214 2307; x_wconf 90' lang='lat' dir='ltr'><strong>SS.</strong></span> <span class='ocrx_word' id='word_1_187' title='bbox 1248 2237 1381 2308; x_wconf 73' lang='lat' dir='ltr'><strong>triniati</strong></span> 
     </span>
     <span class='ocr_line' id='line_1_21' title="bbox 346 2324 1381 2417; baseline 0 -27"><span class='ocrx_word' id='word_1_188' title='bbox 346 2326 483 2392; x_wconf 88' lang='lat' dir='ltr'><strong>nisidio</strong></span> <span class='ocrx_word' id='word_1_189' title='bbox 510 2336 638 2415; x_wconf 88' lang='lat' dir='ltr'><strong>postera</strong></span> <span class='ocrx_word' id='word_1_190' title='bbox 662 2328 791 2394; x_wconf 81' lang='lat' dir='ltr'><strong>Festum</strong></span> <span class='ocrx_word' id='word_1_191' title='bbox 826 2327 1004 2394; x_wconf 88' lang='lat' dir='ltr'><strong>celebretur</strong></span> <span class='ocrx_word' id='word_1_192' title='bbox 1036 2326 1153 2415; x_wconf 84' lang='lat' dir='ltr'><strong>duplex</strong></span> <span class='ocrx_word' id='word_1_193' title='bbox 1187 2330 1297 2417; x_wconf 79' lang='lat' dir='ltr'><strong>prima</strong></span> <span class='ocrx_word' id='word_1_194' title='bbox 1323 2324 1381 2391; x_wconf 77' lang='lat' dir='ltr'><strong>cta-</strong></span> 
     </span>
     <span class='ocr_line' id='line_1_22' title="bbox 346 2415 1378 2504; baseline 0.003 -25"><span class='ocrx_word' id='word_1_195' title='bbox 346 2415 412 2490; x_wconf 89' lang='lat' dir='ltr'><strong>sis;</strong></span> <span class='ocrx_word' id='word_1_196' title='bbox 437 2423 512 2482; x_wconf 90' lang='lat' dir='ltr'><strong>tunc</strong></span> <span class='ocrx_word' id='word_1_197' title='bbox 536 2418 618 2483; x_wconf 89' lang='lat' dir='ltr'><strong>enim</strong></span> <span class='ocrx_word' id='word_1_198' title='bbox 642 2416 791 2504; x_wconf 77' lang='lat' dir='ltr'><strong>Vespera</strong></span> <span class='ocrx_word' id='word_1_199' title='bbox 814 2416 853 2483; x_wconf 92' lang='lat' dir='ltr'><strong>de</strong></span> <span class='ocrx_word' id='word_1_200' title='bbox 876 2417 937 2482; x_wconf 91' lang='lat' dir='ltr'><strong>isto</strong></span> <span class='ocrx_word' id='word_1_201' title='bbox 960 2424 1053 2484; x_wconf 93' lang='lat' dir='ltr'><strong>erunt</strong></span> <span class='ocrx_word' id='word_1_202' title='bbox 1076 2437 1114 2483; x_wconf 90' lang='lat' dir='ltr'><strong>ex</strong></span> <span class='ocrx_word' id='word_1_203' title='bbox 1130 2425 1210 2498; x_wconf 90' lang='lat' dir='ltr'><strong>toto,</strong></span> <span class='ocrx_word' id='word_1_204' title='bbox 1235 2439 1304 2486; x_wconf 88' lang='lat' dir='ltr'><strong>cum</strong></span> <span class='ocrx_word' id='word_1_205' title='bbox 1322 2429 1378 2482; x_wconf 78' lang='lat' dir='ltr'><strong>conr</strong></span> 
     </span>
     <span class='ocr_line' id='line_1_23' title="bbox 345 2499 1380 2578; baseline -0.002 -10"><span class='ocrx_word' id='word_1_206' title='bbox 345 2507 576 2570; x_wconf 88' lang='lat' dir='ltr'><strong>memoratione</strong></span> <span class='ocrx_word' id='word_1_207' title='bbox 599 2506 655 2572; x_wconf 90' lang='grc'><strong>88.</strong></span> <span class='ocrx_word' id='word_1_208' title='bbox 681 2506 846 2572; x_wconf 84' lang='lat' dir='ltr'><strong>Trinitatis</strong></span> <span class='ocrx_word' id='word_1_209' title='bbox 869 2513 1014 2578; x_wconf 88' lang='lat' dir='ltr'><strong>tantum:</strong></span> <span class='ocrx_word' id='word_1_210' title='bbox 1044 2507 1075 2571; x_wconf 91' lang='lat' dir='ltr'><strong>in</strong></span> <span class='ocrx_word' id='word_1_211' title='bbox 1099 2506 1149 2573; x_wconf 89' lang='lat' dir='ltr'><strong>bis</strong></span> <span class='ocrx_word' id='word_1_212' title='bbox 1172 2528 1250 2575; x_wconf 83' lang='lat' dir='ltr'><strong>vero</strong></span> <span class='ocrx_word' id='word_1_213' title='bbox 1273 2499 1380 2574; x_wconf 85' lang='lat' dir='ltr'><strong>nibillt</strong></span> 
     </span>
     <span class='ocr_line' id='line_1_24' title="bbox 346 2588 1380 2683; baseline 0.002 -27"><span class='ocrx_word' id='word_1_214' title='bbox 346 2591 510 2660; x_wconf 85' lang='lat' dir='ltr'><strong>Dominica</strong></span> <span class='ocrx_word' id='word_1_215' title='bbox 533 2593 615 2660; x_wconf 87' lang='lat' dir='ltr'><strong>lorct</strong></span> <span class='ocrx_word' id='word_1_216' title='bbox 638 2595 806 2679; x_wconf 81' lang='lat' dir='ltr'><strong>agendum,</strong></span> <span class='ocrx_word' id='word_1_217' title='bbox 829 2595 956 2660; x_wconf 90' lang='lat' dir='ltr'><strong>tametsi</strong></span> <span class='ocrx_word' id='word_1_218' title='bbox 979 2595 1122 2681; x_wconf 85' lang='lat' dir='ltr'><strong>proxime</strong></span> <span class='ocrx_word' id='word_1_219' title='bbox 1143 2606 1331 2683; x_wconf 85' lang='lat' dir='ltr'><strong>sequeretur</strong></span> <span class='ocrx_word' id='word_1_220' title='bbox 1345 2588 1380 2658; x_wconf 79' lang='lat' dir='ltr'><strong>lt</strong></span> 
     </span>
     <span class='ocr_line' id='line_1_25' title="bbox 345 2679 1381 2773; baseline 0.001 -28"><span class='ocrx_word' id='word_1_221' title='bbox 345 2689 432 2747; x_wconf 89' lang='lat' dir='ltr'><strong>stum</strong></span> <span class='ocrx_word' id='word_1_222' title='bbox 456 2682 618 2750; x_wconf 85' lang='lat' dir='ltr'><strong>dumtaxat</strong></span> <span class='ocrx_word' id='word_1_223' title='bbox 643 2684 758 2770; x_wconf 89' lang='lat' dir='ltr'><strong>duplex</strong></span> <span class='ocrx_word' id='word_1_224' title='bbox 780 2683 928 2749; x_wconf 78' lang='lat' dir='ltr'><strong>secundae</strong></span> <span class='ocrx_word' id='word_1_225' title='bbox 953 2684 1086 2760; x_wconf 91' lang='lat' dir='ltr'><strong>classis,</strong></span> <span class='ocrx_word' id='word_1_226' title='bbox 1111 2686 1232 2773; x_wconf 91' lang='lat' dir='ltr'><strong>quippe</strong></span> <span class='ocrx_word' id='word_1_227' title='bbox 1257 2705 1323 2752; x_wconf 89' lang='lat' dir='ltr'><strong>oum</strong></span> <span class='ocrx_word' id='word_1_228' title='bbox 1340 2679 1381 2746; x_wconf 79' lang='lat' dir='ltr'><strong>llu-</strong></span> 
     </span>
     <span class='ocr_line' id='line_1_26' title="bbox 345 2766 1387 2863; baseline 0.003 -30"><span class='ocrx_word' id='word_1_229' title='bbox 345 2770 461 2834; x_wconf 88' lang='lat' dir='ltr'><strong>minica</strong></span> <span class='ocrx_word' id='word_1_230' title='bbox 493 2773 595 2857; x_wconf 85' lang='lat' dir='ltr'><strong>prima</strong></span> <span class='ocrx_word' id='word_1_231' title='bbox 625 2781 698 2857; x_wconf 90' lang='lat' dir='ltr'><strong>post</strong></span> <span class='ocrx_word' id='word_1_232' title='bbox 727 2773 958 2848; x_wconf 88' lang='lat' dir='ltr'><strong>Pentecosten,</strong></span> <span class='ocrx_word' id='word_1_233' title='bbox 993 2793 1031 2838; x_wconf 91' lang='lat' dir='ltr'><strong>ex</strong></span> <span class='ocrx_word' id='word_1_234' title='bbox 1060 2791 1095 2837; x_wconf 85' lang='lat' dir='ltr'><strong>se</strong></span> <span class='ocrx_word' id='word_1_235' title='bbox 1126 2775 1219 2840; x_wconf 93' lang='lat' dir='ltr'><strong>nullo</strong></span> <span class='ocrx_word' id='word_1_236' title='bbox 1251 2766 1387 2863; x_wconf 68' lang='lat' dir='ltr'><strong>privilegiu</strong></span> 
     </span>
     <span class='ocr_line' id='line_1_27' title="bbox 344 2856 1387 2949; baseline 0.002 -28"><span class='ocrx_word' id='word_1_237' title='bbox 344 2859 506 2941; x_wconf 89' lang='lat' dir='ltr'><strong>potiatur,</strong></span> <span class='ocrx_word' id='word_1_238' title='bbox 539 2878 597 2925; x_wconf 89' lang='lat' dir='ltr'><strong>nec</strong></span> <span class='ocrx_word' id='word_1_239' title='bbox 621 2860 745 2927; x_wconf 84' lang='lat' dir='ltr'><strong>differat</strong></span> <span class='ocrx_word' id='word_1_240' title='bbox 769 2881 786 2926; x_wconf 90' lang='lat' dir='ltr'><strong>a</strong></span> <span class='ocrx_word' id='word_1_241' title='bbox 810 2861 925 2926; x_wconf 89' lang='lat' dir='ltr'><strong>ceteris</strong></span> <span class='ocrx_word' id='word_1_242' title='bbox 948 2860 1120 2932; x_wconf 77' lang='lat' dir='ltr'><strong>Dominicis</strong></span> <span class='ocrx_word' id='word_1_243' title='bbox 1144 2881 1202 2949; x_wconf 90' lang='lat' dir='ltr'><strong>per</strong></span> <span class='ocrx_word' id='word_1_244' title='bbox 1228 2881 1344 2931; x_wconf 91' lang='lat' dir='ltr'><strong>annun.</strong></span> <span class='ocrx_word' id='word_1_245' title='bbox 1361 2856 1387 2924; x_wconf 84' lang='lat' dir='ltr'><strong>S.</strong></span> 
     </span>
     <span class='ocr_line' id='line_1_28' title="bbox 346 2943 1389 3041; baseline 0.005 -32"><span class='ocrx_word' id='word_1_246' title='bbox 346 2943 381 3009; x_wconf 83' lang='lat' dir='ltr'><strong>R.</strong></span> <span class='ocrx_word' id='word_1_247' title='bbox 401 2944 433 3010; x_wconf 87' lang='lat' dir='ltr'><strong>C.</strong></span> <span class='ocrx_word' id='word_1_248' title='bbox 450 2946 491 3010; x_wconf 76' lang='lat' dir='ltr'><strong>ut</strong></span> <span class='ocrx_word' id='word_1_249' title='bbox 515 2945 623 3012; x_wconf 79' lang='lat' dir='ltr'><strong>Martii</strong></span> <span class='ocrx_word' id='word_1_250' title='bbox 648 2949 731 3014; x_wconf 66' lang='lat' dir='ltr'><strong>idid</strong></span> <span class='ocrx_word' id='word_1_251' title='bbox 747 2951 779 3013; x_wconf 83' lang='lat' dir='ltr'><strong>in</strong></span> <span class='ocrx_word' id='word_1_252' title='bbox 795 2971 856 3014; x_wconf 87' lang='lat' dir='ltr'><strong>unc</strong></span> <span class='ocrx_word' id='word_1_253' title='bbox 874 2948 1047 3015; x_wconf 80' lang='lat' dir='ltr'><strong>Fabiorum</strong></span> <span class='ocrx_word' id='word_1_254' title='bbox 1069 2949 1111 3014; x_wconf 86' lang='lat' dir='ltr'><strong>od</strong></span> <span class='ocrx_word' id='word_1_255' title='bbox 1128 2950 1158 3017; x_wconf 91' lang='lat' dir='ltr'><strong>l.</strong></span> <span class='ocrx_word' id='word_1_256' title='bbox 1177 2950 1255 3018; x_wconf 84' lang='lat' dir='ltr'><strong>llaec</strong></span> <span class='ocrx_word' id='word_1_257' title='bbox 1271 2946 1389 3041; x_wconf 81' lang='lat' dir='ltr'><strong>ipsallo</strong></span> 
     </span>
     <span class='ocr_line' id='line_1_29' title="bbox 344 3033 1388 3130; baseline 0.007 -33"><span class='ocrx_word' id='word_1_258' title='bbox 344 3033 460 3098; x_wconf 89' lang='lat' dir='ltr'><strong>minica</strong></span> <span class='ocrx_word' id='word_1_259' title='bbox 483 3033 667 3102; x_wconf 82' lang='lat' dir='ltr'><strong>Orationem</strong></span> <span class='ocrx_word' id='word_1_260' title='bbox 690 3037 854 3103; x_wconf 90' lang='lat' dir='ltr'><strong>Secretnm</strong></span> <span class='ocrx_word' id='word_1_261' title='bbox 877 3036 996 3114; x_wconf 87' lang='lat' dir='ltr'><strong>babet,</strong></span> <span class='ocrx_word' id='word_1_262' title='bbox 1027 3039 1059 3104; x_wconf 91' lang='lat' dir='ltr'><strong>in</strong></span> <span class='ocrx_word' id='word_1_263' title='bbox 1083 3057 1145 3124; x_wconf 91' lang='lat' dir='ltr'><strong>qna</strong></span> <span class='ocrx_word' id='word_1_264' title='bbox 1169 3039 1259 3108; x_wconf 89' lang='lat' dir='ltr'><strong>idem</strong></span> <span class='ocrx_word' id='word_1_265' title='bbox 1281 3053 1388 3130; x_wconf 73' lang='lat' dir='ltr'><strong>prorsus</strong></span> 
     </span>
     <span class='ocr_line' id='line_1_30' title="bbox 344 3122 1389 3207; baseline 0.005 -22"><span class='ocrx_word' id='word_1_266' title='bbox 344 3122 464 3207; x_wconf 90' lang='lat' dir='ltr'><strong>petitur</strong></span> <span class='ocrx_word' id='word_1_267' title='bbox 486 3125 656 3190; x_wconf 88' lang='lat' dir='ltr'><strong>etiisdem</strong></span> <span class='ocrx_word' id='word_1_268' title='bbox 680 3125 746 3191; x_wconf 87' lang='lat' dir='ltr'><strong>iere</strong></span> <span class='ocrx_word' id='word_1_269' title='bbox 769 3128 875 3193; x_wconf 89' lang='lat' dir='ltr'><strong>verbis</strong></span> <span class='ocrx_word' id='word_1_270' title='bbox 899 3147 935 3191; x_wconf 89' lang='lat' dir='ltr'><strong>ac</strong></span> <span class='ocrx_word' id='word_1_271' title='bbox 959 3127 990 3191; x_wconf 93' lang='lat' dir='ltr'><strong>in</strong></span> <span class='ocrx_word' id='word_1_272' title='bbox 1014 3125 1146 3192; x_wconf 89' lang='lat' dir='ltr'><strong>Secreta</strong></span> <span class='ocrx_word' id='word_1_273' title='bbox 1169 3129 1278 3198; x_wconf 79' lang='lat' dir='ltr'><strong>Missae</strong></span> <span class='ocrx_word' id='word_1_274' title='bbox 1299 3124 1389 3196; x_wconf 77' lang='lat' dir='ltr'><strong>Statuit</strong></span> 
     </span>
     <span class='ocr_line' id='line_1_31' title="bbox 346 3209 1390 3303; baseline 0.006 -28"><span class='ocrx_word' id='word_1_275' title='bbox 346 3210 385 3276; x_wconf 91' lang='lat' dir='ltr'><strong>dc</strong></span> <span class='ocrx_word' id='word_1_276' title='bbox 402 3209 567 3277; x_wconf 91' lang='lat' dir='ltr'><strong>Communi</strong></span> <span class='ocrx_word' id='word_1_277' title='bbox 585 3215 677 3279; x_wconf 88' lang='lat' dir='ltr'><strong>unius</strong></span> <span class='ocrx_word' id='word_1_278' title='bbox 695 3215 841 3303; x_wconf 82' lang='lat' dir='ltr'><strong>Martyris</strong></span> <span class='ocrx_word' id='word_1_279' title='bbox 864 3215 1042 3290; x_wconf 85' lang='lat' dir='ltr'><strong>Pontilicis;</strong></span> <span class='ocrx_word' id='word_1_280' title='bbox 1060 3217 1273 3302; x_wconf 87' lang='lat' dir='ltr'><strong>quamobrem</strong></span> <span class='ocrx_word' id='word_1_281' title='bbox 1290 3222 1315 3286; x_wconf 94' lang='lat' dir='ltr'><strong>si</strong></span> <span class='ocrx_word' id='word_1_282' title='bbox 1328 3217 1390 3283; x_wconf 80' lang='lat' dir='ltr'><strong>lortt</strong></span> 
     </span>
     <span class='ocr_line' id='line_1_32' title="bbox 343 3298 1390 3397; baseline 0.005 -33"><span class='ocrx_word' id='word_1_283' title='bbox 343 3298 375 3364; x_wconf 93' lang='lat' dir='ltr'><strong>in</strong></span> <span class='ocrx_word' id='word_1_284' title='bbox 402 3300 457 3366; x_wconf 90' lang='lat' dir='ltr'><strong>illa</strong></span> <span class='ocrx_word' id='word_1_285' title='bbox 475 3305 810 3370; x_wconf 86' lang='lat' dir='ltr'><strong>commemorationem</strong></span> <span class='ocrx_word' id='word_1_286' title='bbox 833 3305 901 3370; x_wconf 86' lang='lat' dir='ltr'><strong>beri</strong></span> <span class='ocrx_word' id='word_1_287' title='bbox 918 3312 1064 3389; x_wconf 89' lang='lat' dir='ltr'><strong>oporteat</strong></span> <span class='ocrx_word' id='word_1_288' title='bbox 1085 3304 1173 3371; x_wconf 83' lang='lat' dir='ltr'><strong>Festi</strong></span> <span class='ocrx_word' id='word_1_289' title='bbox 1197 3309 1346 3397; x_wconf 87' lang='lat' dir='ltr'><strong>simplicis</strong></span> <span class='ocrx_word' id='word_1_290' title='bbox 1363 3320 1390 3369; x_wconf 81' lang='lat' dir='ltr'><strong>ex</strong></span> 
     </span>
     <span class='ocr_line' id='line_1_33' title="bbox 343 3389 1391 3478; baseline 0.009 -26"><span class='ocrx_word' id='word_1_291' title='bbox 343 3409 380 3453; x_wconf 92' lang='lat' dir='ltr'><strong>eo</strong></span> <span class='ocrx_word' id='word_1_292' title='bbox 403 3389 579 3466; x_wconf 84' lang='lat' dir='ltr'><strong>Communi,</strong></span> <span class='ocrx_word' id='word_1_293' title='bbox 597 3391 690 3478; x_wconf 88' lang='lat' dir='ltr'><strong>hujus</strong></span> <span class='ocrx_word' id='word_1_294' title='bbox 713 3392 844 3458; x_wconf 90' lang='lat' dir='ltr'><strong>Secreta</strong></span> <span class='ocrx_word' id='word_1_295' title='bbox 867 3391 1021 3458; x_wconf 88' lang='lat' dir='ltr'><strong>sumenda</strong></span> <span class='ocrx_word' id='word_1_296' title='bbox 1044 3395 1106 3460; x_wconf 91' lang='lat' dir='ltr'><strong>erit</strong></span> <span class='ocrx_word' id='word_1_297' title='bbox 1128 3414 1168 3462; x_wconf 85' lang='lat' dir='ltr'><strong>ex</strong></span> <span class='ocrx_word' id='word_1_298' title='bbox 1191 3397 1290 3464; x_wconf 84' lang='lat' dir='ltr'><strong>Missa</strong></span> <span class='ocrx_word' id='word_1_299' title='bbox 1304 3399 1391 3463; x_wconf 76' lang='lat' dir='ltr'><strong>Socer·</strong></span> 
     </span>
     <span class='ocr_line' id='line_1_34' title="bbox 342 3476 1390 3574; baseline 0.006 -34"><span class='ocrx_word' id='word_1_300' title='bbox 342 3476 426 3544; x_wconf 79' lang='lat' dir='ltr'><strong>dotes</strong></span> <span class='ocrx_word' id='word_1_301' title='bbox 449 3479 514 3545; x_wconf 85' lang='lat' dir='ltr'><strong>Dei.</strong></span> <span class='ocrx_word' id='word_1_302' title='bbox 533 3480 574 3545; x_wconf 80' lang='lat' dir='ltr'><strong>nt</strong></span> <span class='ocrx_word' id='word_1_303' title='bbox 597 3481 649 3545; x_wconf 92' lang='lat' dir='ltr'><strong>ubi</strong></span> <span class='ocrx_word' id='word_1_304' title='bbox 673 3481 754 3547; x_wconf 89' lang='lat' dir='ltr'><strong>ritus</strong></span> <span class='ocrx_word' id='word_1_305' title='bbox 777 3481 910 3568; x_wconf 88' lang='lat' dir='ltr'><strong>hujusce</strong></span> <span class='ocrx_word' id='word_1_306' title='bbox 933 3480 1029 3558; x_wconf 80' lang='lat' dir='ltr'><strong>Festi,</strong></span> <span class='ocrx_word' id='word_1_307' title='bbox 1054 3502 1092 3548; x_wconf 85' lang='lat' dir='ltr'><strong>ex</strong></span> <span class='ocrx_word' id='word_1_308' title='bbox 1115 3504 1151 3548; x_wconf 90' lang='lat' dir='ltr'><strong>se</strong></span> <span class='ocrx_word' id='word_1_309' title='bbox 1176 3484 1295 3574; x_wconf 89' lang='lat' dir='ltr'><strong>duplex</strong></span> <span class='ocrx_word' id='word_1_310' title='bbox 1315 3485 1390 3553; x_wconf 78' lang='lat' dir='ltr'><strong>silet</strong></span> 
     </span>
     <span class='ocr_line' id='line_1_35' title="bbox 342 3566 1387 3654; baseline 0.01 -25"><span class='ocrx_word' id='word_1_311' title='bbox 342 3566 475 3652; x_wconf 91' lang='lat' dir='ltr'><strong>simplex</strong></span> <span class='ocrx_word' id='word_1_312' title='bbox 492 3589 549 3654; x_wconf 92' lang='lat' dir='ltr'><strong>per</strong></span> <span class='ocrx_word' id='word_1_313' title='bbox 573 3569 719 3634; x_wconf 83' lang='lat' dir='ltr'><strong>accidens</strong></span> <span class='ocrx_word' id='word_1_314' title='bbox 737 3572 883 3648; x_wconf 88' lang='lat' dir='ltr'><strong>evaserit,</strong></span> <span class='ocrx_word' id='word_1_315' title='bbox 902 3579 968 3636; x_wconf 91' lang='lat' dir='ltr'><strong>tum</strong></span> <span class='ocrx_word' id='word_1_316' title='bbox 984 3591 1058 3636; x_wconf 90' lang='lat' dir='ltr'><strong>vero</strong></span> <span class='ocrx_word' id='word_1_317' title='bbox 1082 3573 1265 3642; x_wconf 82' lang='lat' dir='ltr'><strong>variabitur</strong></span> <span class='ocrx_word' id='word_1_318' title='bbox 1280 3574 1387 3641; x_wconf 82' lang='lat' dir='ltr'><strong>Secrett</strong></span> 
     </span>
     <span class='ocr_line' id='line_1_36' title="bbox 342 3652 1386 3750; baseline 0.007 -32"><span class='ocrx_word' id='word_1_319' title='bbox 342 3652 525 3733; x_wconf 84' lang='lat' dir='ltr'><strong>Dominicae‚</strong></span> <span class='ocrx_word' id='word_1_320' title='bbox 538 3677 575 3723; x_wconf 92' lang='lat' dir='ltr'><strong>ac</strong></span> <span class='ocrx_word' id='word_1_321' title='bbox 590 3658 764 3724; x_wconf 89' lang='lat' dir='ltr'><strong>mutuanda</strong></span> <span class='ocrx_word' id='word_1_322' title='bbox 781 3661 842 3725; x_wconf 89' lang='lat' dir='ltr'><strong>erit</strong></span> <span class='ocrx_word' id='word_1_323' title='bbox 857 3680 896 3725; x_wconf 93' lang='lat' dir='ltr'><strong>ex</strong></span> <span class='ocrx_word' id='word_1_324' title='bbox 911 3659 1075 3726; x_wconf 86' lang='lat' dir='ltr'><strong>Dominica</strong></span> <span class='ocrx_word' id='word_1_325' title='bbox 1093 3663 1241 3748; x_wconf 91' lang='lat' dir='ltr'><strong>proxime</strong></span> <span class='ocrx_word' id='word_1_326' title='bbox 1257 3656 1386 3750; x_wconf 80' lang='lat' dir='ltr'><strong>sequenti.</strong></span> 
     </span>
     <span class='ocr_line' id='line_1_37' title="bbox 336 3741 1002 3828; baseline 0.014 -23"><span class='ocrx_word' id='word_1_327' title='bbox 336 3741 456 3828; x_wconf 24' lang='lat' dir='ltr'><strong>,Confer</strong></span> <span class='ocrx_word' id='word_1_328' title='bbox 478 3766 503 3809; x_wconf 88' lang='lat' dir='ltr'><strong>c.</strong></span> <span class='ocrx_word' id='word_1_329' title='bbox 528 3745 547 3810; x_wconf 83' lang='lat'><strong>6</strong></span> <span class='ocrx_word' id='word_1_330' title='bbox 571 3769 602 3811; x_wconf 85' lang='lat' dir='ltr'><strong>n.</strong></span> <span class='ocrx_word' id='word_1_331' title='bbox 628 3748 669 3813; x_wconf 85' lang='lat' dir='ltr'><strong>lo</strong></span> <span class='ocrx_word' id='word_1_332' title='bbox 693 3746 735 3811; x_wconf 84' lang='lat' dir='ltr'><strong>ud</strong></span> <span class='ocrx_word' id='word_1_333' title='bbox 757 3747 874 3813; x_wconf 83' lang='lat' dir='ltr'><strong>calcem</strong></span> <span class='ocrx_word' id='word_1_334' title='bbox 897 3758 926 3814; x_wconf 89' lang='lat' dir='ltr'><strong>et</strong></span> <span class='ocrx_word' id='word_1_335' title='bbox 949 3750 1002 3814; x_wconf 79' lang='lat' dir='ltr'><strong>lo.</strong></span> 
     </span>
    </p>

    <p class='ocr_par' dir='ltr' id='par_1_3' title="bbox 342 3831 1405 4103">
     <span class='ocr_line' id='line_1_38' title="bbox 407 3831 1383 3921; baseline 0.007 -26"><span class='ocrx_word' id='word_1_336' title='bbox 407 3831 438 3896; x_wconf 73' lang='lat' dir='ltr'><strong>T.</strong></span> <span class='ocrx_word' id='word_1_337' title='bbox 462 3831 656 3921; x_wconf 86' lang='lat' dir='ltr'><strong>Ubicumque</strong></span> <span class='ocrx_word' id='word_1_338' title='bbox 679 3835 809 3902; x_wconf 87' lang='lat' dir='ltr'><strong>Festum</strong></span> <span class='ocrx_word' id='word_1_339' title='bbox 833 3836 890 3902; x_wconf 88' lang='grc'><strong>88.</strong></span> <span class='ocrx_word' id='word_1_340' title='bbox 914 3837 1080 3904; x_wconf 82' lang='lat' dir='ltr'><strong>Trinitatis</strong></span> <span class='ocrx_word' id='word_1_341' title='bbox 1104 3848 1154 3907; x_wconf 92' lang='lat' dir='ltr'><strong>est</strong></span> <span class='ocrx_word' id='word_1_342' title='bbox 1178 3840 1329 3916; x_wconf 87' lang='lat' dir='ltr'><strong>Titulare,</strong></span> <span class='ocrx_word' id='word_1_343' title='bbox 1348 3853 1383 3902; x_wconf 78' lang='lat' dir='ltr'><strong>ce</strong></span> 
     </span>
     <span class='ocr_line' id='line_1_39' title="bbox 342 3915 1383 4012; baseline 0.008 -29"><span class='ocrx_word' id='word_1_344' title='bbox 342 3915 485 3985; x_wconf 90' lang='lat' dir='ltr'><strong>lebratur</strong></span> <span class='ocrx_word' id='word_1_345' title='bbox 514 3921 640 4006; x_wconf 91' lang='lat' dir='ltr'><strong>quidem</strong></span> <span class='ocrx_word' id='word_1_346' title='bbox 672 3924 731 3990; x_wconf 88' lang='lat' dir='ltr'><strong>sub</strong></span> <span class='ocrx_word' id='word_1_347' title='bbox 754 3926 819 3991; x_wconf 88' lang='lat' dir='ltr'><strong>ritu</strong></span> <span class='ocrx_word' id='word_1_348' title='bbox 847 3925 966 4012; x_wconf 90' lang='lat' dir='ltr'><strong>duplici</strong></span> <span class='ocrx_word' id='word_1_349' title='bbox 990 3927 1102 4012; x_wconf 82' lang='lat' dir='ltr'><strong>primae</strong></span> <span class='ocrx_word' id='word_1_350' title='bbox 1128 3929 1245 3998; x_wconf 90' lang='lat' dir='ltr'><strong>classis</strong></span> <span class='ocrx_word' id='word_1_351' title='bbox 1273 3921 1383 3998; x_wconf 81' lang='lat' dir='ltr'><strong>cumd-</strong></span> 
     </span>
     <span class='ocr_line' id='line_1_40' title="bbox 342 4009 1405 4103; baseline 0.009 -31"><span class='ocrx_word' id='word_1_352' title='bbox 342 4015 453 4083; x_wconf 88' lang='lat' dir='ltr'><strong>ctava,</strong></span> <span class='ocrx_word' id='word_1_353' title='bbox 483 4009 539 4074; x_wconf 87' lang='lat' dir='ltr'><strong>sed</strong></span> <span class='ocrx_word' id='word_1_354' title='bbox 562 4010 602 4075; x_wconf 91' lang='lat' dir='ltr'><strong>ad</strong></span> <span class='ocrx_word' id='word_1_355' title='bbox 625 4012 786 4090; x_wconf 88' lang='lat' dir='ltr'><strong>Primam,</strong></span> <span class='ocrx_word' id='word_1_356' title='bbox 816 4013 883 4079; x_wconf 91' lang='lat' dir='ltr'><strong>sive</strong></span> <span class='ocrx_word' id='word_1_357' title='bbox 906 4014 973 4083; x_wconf 86' lang='lat' dir='ltr'><strong>dies</strong></span> <span class='ocrx_word' id='word_1_358' title='bbox 1000 4014 1083 4082; x_wconf 87' lang='lat' dir='ltr'><strong>inira</strong></span> <span class='ocrx_word' id='word_1_359' title='bbox 1108 4014 1265 4087; x_wconf 88' lang='lat' dir='ltr'><strong>Octavam</strong></span> <span class='ocrx_word' id='word_1_360' title='bbox 1293 4020 1405 4103; x_wconf 72' lang='lat' dir='ltr'><strong>aput·</strong></span> 
     </span>
    </p>
   </div>
   <div class='ocr_carea' id='block_1_3' title="bbox 341 4097 1405 4197">
    <p class='ocr_par' dir='ltr' id='par_1_4' title="bbox 341 4097 1405 4197">
     <span class='ocr_line' id='line_1_41' title="bbox 341 4097 1405 4197; baseline 0.008 -35"><span class='ocrx_word' id='word_1_361' title='bbox 341 4097 406 4164; x_wconf 87' lang='lat' dir='ltr'><strong>sive</strong></span> <span class='ocrx_word' id='word_1_362' title='bbox 429 4117 503 4176; x_wconf 93' lang='lat' dir='ltr'><strong>non,</strong></span> <span class='ocrx_word' id='word_1_363' title='bbox 533 4119 596 4166; x_wconf 92' lang='lat' dir='ltr'><strong>non</strong></span> <span class='ocrx_word' id='word_1_364' title='bbox 619 4100 803 4188; x_wconf 83' lang='lat' dir='ltr'><strong>adjungitur</strong></span> <span class='ocrx_word' id='word_1_365' title='bbox 825 4101 1013 4192; x_wconf 79' lang='lat' dir='ltr'><strong>Symbolum</strong></span> <span class='ocrx_word' id='word_1_366' title='bbox 1047 4103 1261 4197; x_wconf 82' lang='lat' dir='ltr'><strong>Quicumque,</strong></span> <span class='ocrx_word' id='word_1_367' title='bbox 1280 4109 1379 4195; x_wconf 80' lang='lat' dir='ltr'><strong>prem</strong></span> <span class='ocrx_word' id='word_1_368' title='bbox 1403 4124 1405 4151; x_wconf 80' lang='lat'><strong>¹</strong></span> 
     </span>
    </p>
   </div>
   <div class='ocr_carea' id='block_1_4' title="bbox 0 0 1746 4875">
    <p class='ocr_par' dir='ltr' id='par_1_5' title="bbox 0 0 1746 4875">
     <span class='ocr_line' id='line_1_42' title="bbox 0 0 1746 4875; baseline 0 3"><span class='ocrx_word' id='word_1_369' title='bbox 0 0 1746 4875; x_wconf 95' lang='lat' dir='ltr'><strong> </strong></span> 
     </span>
    </p>
   </div>
  </div>
 </body>
</html>
