3484 4875
372 452 413 519 78
611 472 703 518 curer
719 472 759 519 vx.
776 470 815 516 ux
831 471 1150 519 couuxuomxxomaus

285 635 286 640 ,
347 588 510 645 clavarum
534 580 670 646 istorum
692 579 724 645 in
748 574 842 643 Festo
866 576 916 644 Ss.
940 578 1173 646 Innocentium.
1198 578 1236 648 In
1262 579 1382 648 secundis

345 688 443 755 porro
466 667 614 755 Vesperis
638 667 899 733 commemoratio
924 669 1031 752 agitur
1053 665 1283 755 cujuscumque
1303 669 1389 736 boui·
1430 690 1436 702 ·

347 758 437 832 nicae,
460 766 492 822 et
515 758 676 843 sequentis
700 755 785 822 Festi
809 757 906 822 etiam
930 757 1096 842 simplicis,
1114 765 1147 822 et
1162 757 1328 825 Feriarum
1345 759 1387 825 bd·
1431 775 1435 843 Γ

346 854 458 912 ventus
482 853 513 912 et
536 844 804 931 Quadrupesima,
827 866 865 911 ac
888 848 1087 911 occurrentis
1110 847 1251 933 duplicis
1272 848 1389 933 majoris,
1434 893 1436 897 2

346 936 479 1002 minoris
502 937 551 1001 vel
575 935 792 1020 semiduplieis
815 934 875 1000 sub
899 935 1053 1020 simplicis
1077 935 1152 1011 ritu,
1169 944 1228 1001 aut
1244 936 1305 1002 diei
1319 937 1391 1003 licta·
1433 946 1436 972 ²

345 1044 413 1099 vae;
438 1044 501 1090 non
524 1033 629 1089 autem
655 1023 716 1089 diei
738 1022 820 1089 inira
845 1020 997 1089 Octavam
1020 1024 1166 1112 (practer
1197 1045 1298 1111 supra
1325 1046 1393 1091 exce·

345 1112 455 1201 ptas),
478 1114 539 1180 nisi
564 1113 614 1177 die
637 1113 782 1199 sequenti
813 1109 958 1177 Officium
990 1112 1029 1177 de
1062 1112 1111 1179 die
1143 1112 1229 1179 inira
1262 1113 1398 1194 Octavam

346 1202 535 1268 celebretur.
559 1201 824 1267 Commemoratio
847 1200 1021 1267 bominicoe
1045 1203 1178 1266 minoris
1215 1206 1395 1270 occurrentis

344 1292 394 1356 vel
411 1290 628 1377 semiduplicis
651 1289 711 1356 sub
734 1291 798 1355 ritu
821 1288 989 1376 simplicis,
1004 1299 1034 1355 et
1053 1292 1218 1375 sequentis
1238 1292 1324 1358 Festi
1339 1294 1395 1359 sim

343 1381 436 1465 plicis
460 1400 584 1466 perse,
608 1380 776 1455 omittitur,
799 1379 827 1443 si
850 1378 937 1445 aliud
960 1387 1112 1464 sequatur
1136 1379 1272 1446 Festum
1296 1381 1396 1469 duplex

345 1469 494 1535 secundae
529 1469 662 1543 classis;
687 1467 714 1532 si
746 1488 820 1533 vero
845 1467 975 1533 Festum
1009 1467 1126 1554 duplex
1150 1470 1268 1554 primae
1303 1471 1415 1542 classis.

345 1566 508 1644 sequatur,
525 1558 683 1623 omittitur
699 1575 824 1643 quoquc
848 1558 1110 1623 commemoratio
1134 1562 1339 1625 occurrentis
1360 1559 1398 1627 do

344 1646 590 1749 plicisrnaporis
625 1647 675 1712 vel
698 1645 831 1711 minoris
864 1646 924 1711 sub
961 1646 1115 1731 simplicis
1149 1647 1240 1724 ritu,
1275 1657 1318 1720 ut,
1342 1651 1394 1716 nl

348 1754 609 1820 praemouuvmus.
1151 1822 1156 1833 Ι
1434 1763 1436 1834 p

412 1823 441 1888 7.
466 1822 501 1889 ln
526 1824 669 1909 utrisque
691 1822 840 1909 Vesperis
864 1830 897 1888 et
918 1821 1079 1889 Laudibus
1108 1825 1291 1909 cujuspiam
1316 1823 1405 1893 Officii·
1432 1843 1436 1912 p

343 1913 426 1996 ritus
448 1910 607 1978 inferioris
630 1932 726 1999 quam
749 1912 865 1998 duplex
887 1913 1000 1999 prima
1022 1921 1078 1977 aut
1100 1912 1253 1979 secundae
1279 1916 1400 1989 classis,

344 2020 454 2069 omues
471 2008 616 2085 ,aguntur
639 2001 959 2067 commemorationes
976 2008 1043 2065 tam
1066 2012 1299 2071 concurrentes
1317 2022 1400 2091 quau

343 2099 559 2167 occurrentes,
582 2099 712 2177 excepta
735 2089 850 2174 Vigilia
867 2090 898 2155 in
916 2089 1043 2155 Feriam
1059 2090 1215 2175 majorem
1241 2093 1403 2167 incidente

344 2178 383 2244 de
405 2200 467 2265 qua
489 2181 522 2245 in
545 2178 654 2245 Officio
677 2178 755 2245 nibil
779 2178 834 2254 fit;
868 2179 947 2245 item
970 2178 1037 2244 dies
1073 2179 1231 2265 excipitur
1256 2181 1341 2249 inira
1371 2178 1405 2266 ily

343 2277 477 2346 olavam,
501 2269 584 2335 siin
607 2268 690 2335 diem
715 2273 874 2342 occurrat,
891 2288 953 2353 qua
975 2267 1143 2353 anticipari
1166 2278 1321 2355 oporteat
1341 2268 1404 2337 uu·

344 2359 428 2423 cium
450 2357 622 2424 bominicae
656 2356 804 2423 secundae
838 2364 911 2444 post
945 2355 1177 2443 Epiphaniam,
1201 2360 1253 2446 vel
1278 2362 1307 2426 si
1331 2357 1403 2448 apud

341 2447 562 2533 Privilegiatos
585 2447 706 2515 incidat
720 2448 752 2513 in
771 2446 897 2512 Feriam
920 2445 960 2510 IV
978 2444 1126 2512 itinerum
1143 2448 1193 2513 vel
1217 2448 1252 2514 in
1277 2452 1404 2537 aliquan

342 2537 540 2604 Dominicam
563 2536 843 2621 Quadragesimae;
878 2543 947 2600 tum
982 2535 1098 2622 quippe
1121 2537 1153 2600 in
1188 2536 1354 2605 Laudibus
1373 2557 1403 2604 ac

343 2626 439 2692 Missa
461 2629 548 2693 nulla
570 2627 607 2694 ut
628 2624 755 2694 Oetavae
779 2623 1058 2700 commemoratio,
1082 2632 1118 2690 ut
1140 2644 1198 2690 suo
1222 2627 1298 2694 loco
1322 2628 1404 2716 expli-

347 2715 483 2783 cabitur.

366 2806 370 2813 '
410 2803 441 2868 8.
465 2800 702 2868 advertendum
725 2809 774 2868 est
798 2801 829 2866 t‘
853 2801 892 2868 de
908 2821 971 2867 uno
988 2800 1175 2887 eodemque,
1191 2804 1253 2869 sub
1280 2802 1398 2872 divona·

343 2892 420 2957 licet
442 2891 621 2978 Mysteriis,
645 2891 767 2967 titulis,
791 2899 846 2956 aut
876 2890 1106 2977 qualitatibus,
1130 2893 1182 2975 agi
1207 2891 1296 2959 haud
1320 2904 1396 2982 potat

344 2980 466 3066 pluries
489 2987 545 3045 aut
567 2979 616 3045 bis
639 2979 671 3045 in
695 2979 806 3047 cadem
829 2977 931 3045 Officii
955 2985 1056 3065 parte,
1074 2999 1103 3044 v.
1120 2999 1167 3064 gr.
1192 2980 1227 3046 in
1250 2982 1397 3069 Vespero:

344 3088 455 3135 verum
478 3068 511 3134 id
532 3068 692 3152 intelligas
715 3069 821 3145 velim,
838 3069 866 3134 si
882 3088 981 3135 unum
1004 3067 1152 3153 idemque
1169 3070 1360 3141 nominatim
1377 3075 1401 3134 et

345 3176 509 3245 expresse,
532 3177 595 3224 non
618 3177 692 3223 vero
716 3158 744 3223 si
767 3158 941 3224 universim
976 3156 1141 3223 dumtaxat
1171 3165 1203 3222 et
1226 3159 1359 3226 confuse
1376 3159 1401 3222 iu

345 3267 383 3314 ea
406 3245 507 3314 Officii
530 3253 621 3334 parte
644 3247 716 3334 plus
738 3267 803 3313 una
824 3246 893 3312 vice
928 3253 1206 3312 commemoretur.
1237 3247 1402 3336 Fapropter
1431 3314 1434 3331 ,

346 3336 430 3423 apud
454 3356 513 3403 nos
535 3336 568 3402 in
591 3336 704 3422 primis
737 3334 888 3422 Vesperis
911 3335 1054 3400 omnium
1088 3333 1283 3403 Sanctorum
1317 3338 1402 3404 trium

346 3424 501 3492 Ordinem
524 3423 614 3492 S..P.
631 3424 668 3490 N.
691 3423 856 3490 Francisei
880 3425 1142 3490 commemoratio
1160 3425 1285 3510 agenda
1309 3435 1357 3492 est
1376 3421 1403 3488 S.

345 3514 457 3580 Jacobi
478 3515 587 3580 Piceni
609 3512 752 3601 ejusdem
769 3513 908 3589 Ordinis,
932 3513 1006 3599 quia
1029 3514 1203 3579 universim
1226 3514 1270 3580 ibi
1288 3523 1321 3581 et
1344 3533 1405 3580 con·

346 3597 416 3668 fuse
438 3623 512 3671 oum
534 3604 608 3670 aliis
631 3601 922 3689 comprehenditur.
947 3601 1066 3668 Contra
1100 3611 1206 3668 autem
1234 3603 1262 3669 si
1285 3603 1408 3670 Festum

345 3690 431 3757 idem
454 3690 646 3759 Sanctorum
668 3711 705 3757 ac
728 3691 867 3758 alterum
890 3690 1123 3757 'Frauslatiouis
1146 3690 1178 3757 S.
1199 3690 1234 3758 P.
1259 3692 1297 3758 N.
1322 3693 1410 3759 Fran·

347 3779 424 3846 cisci
447 3775 879 3867 transferrentur'simulque
909 3787 1148 3856 concurrerent,
1181 3779 1423 3847 ‘Frauslationis'

348 3871 608 3934 commemoratio
631 3867 715 3935 ioret
737 3889 871 3955 prorsus
896 3868 1083 3946 omittenda,
1100 3870 1173 3955 quia
1190 3869 1323 3936 Festum
1338 3868 1414 3937 illud

347 3959 379 4023 in
403 3956 557 4022 honorem
580 3956 746 4044 Serapbiei
768 3958 896 4034 Patris,
920 3958 1016 4023 simul
1039 3958 1169 4043 quidem
1193 3979 1266 4024 curn
1291 3957 1416 4026 Sanctis

347 4047 420 4114 filiis
443 4046 523 4133 ejus,
546 4046 603 4112 sed
626 4055 733 4114 tamen
757 4066 907 4134 expresse
923 4047 1107 4115 institutum
1131 4056 1196 4126 est,
1221 4057 1257 4114 ut
1280 4069 1320 4115 ex
1345 4047 1418 4118 Ora·
