3484 4875
555 498 777 545 uuuorurroncs
794 499 824 543 nr
838 498 930 545 mern
946 497 1110 545 uoucumrs
1279 480 1341 548 tut

385 602 426 671 II.
450 604 485 671 Si
501 608 650 692 quapiam
667 607 706 672 de
723 626 817 672 causa
835 607 897 692 legi
915 615 1059 695 oporteat
1076 607 1204 673 Missam
1221 607 1272 674 Ss.
1289 610 1365 699 'Irp-

337 692 457 780 phonis
481 703 513 760 et
535 694 702 761 Sociorum
725 696 922 783 Martyrum,
945 696 1014 784 ipsa
1038 703 1166 783 petatur
1188 695 1248 763 hac
1271 697 1321 765 die
1347 722 1364 767 e

340 782 475 859 Ilissali,
500 783 554 849 ubi
577 784 668 849 adest
689 786 829 870 propria.

328 872 347 935 l.
373 908 419 919 —-
443 871 466 937 1.
491 870 622 951 Quando
647 872 775 938 Festum
800 873 833 937 S.
857 872 983 938 Martini
1006 872 1154 959 Episcopi
1179 882 1211 940 et
1234 874 1362 941 Confes-

338 961 426 1024 scris
450 960 561 1026 incidit
577 963 607 1025 In
625 960 821 1026 Dominicam
838 960 925 1026 XXII
943 970 1014 1047 post
1030 963 1249 1041 Pentecosten,
1271 965 1363 1030 istius

338 1047 473 1112 Secreta
501 1038 653 1115 varianda
683 1058 732 1115 est
762 1070 799 1116 ac
824 1050 978 1115 sumenda
1009 1070 1047 1115 eu
1075 1050 1239 1117 Dominica
1262 1052 1365 1119 XXIII

340 1137 498 1222 sequenti.
519 1136 646 1203 Consule
670 1160 695 1203 c.
712 1139 731 1204 6
755 1161 785 1203 u.
805 1139 856 1202 I5.
874 1138 1013 1204 Rursum
1030 1139 1103 1204 siin
1121 1139 1217 1205 Missa
1234 1140 1266 1208 S.
1283 1141 1364 1207 IIar·

341 1224 398 1288 tini
424 1225 513 1290 Iocus
537 1228 578 1291 sit
595 1227 744 1292 Collectae
759 1226 841 1291 Deus
856 1227 1023 1313 referciunt,
1040 1229 1132 1293 istius
1149 1226 1280 1294 Secreta
1303 1232 1364 1296 erit

340 1311 468 1401 Suscipc
490 1314 621 1379 Ilomt'ue
643 1337 674 1380 n.
700 1316 739 1381 I5
765 1316 878 1401 posita.
904 1315 977 1380 Vide
1000 1337 1025 1380 c.
1050 1317 1069 1381 9
1093 1339 1123 1381 u.
1149 1316 1178 1381 5.

384 1400 422 1466 II.
447 1401 505 1467 Ubi
528 1402 656 1469 Festum
674 1403 706 1469 S.
731 1403 857 1468 Martini
881 1405 998 1470 colitur
1020 1404 1227 1490 rituduplici
1251 1408 1362 1491 prima

345 1488 465 1566 classis,
489 1493 539 1556 vel
562 1492 612 1557 die
628 1493 794 1579 reponitur
818 1500 946 1557 carente
970 1512 1052 1557 nona
1077 1492 1226 1558 Lectione
1244 1494 1281 1559 de
1304 1493 1360 1559 ho

345 1578 426 1643 milia
450 1579 499 1643 vel
523 1579 609 1645 Festi
630 1581 795 1667 simplicis
819 1588 894 1646 tunc
919 1589 1028 1647 octava
1050 1581 1158 1646 Iectio
1182 1582 1299 1648 desiuit
1322 1584 1362 1650 ad

346 1675 433 1817 specs
469 1666 585 1734 Umbro
616 1671 806 1755 restiupuut,
838 1676 869 1733 et
902 1690 985 1735 nona
1016 1669 1183 1737 inchoatur
1205 1691 1233 1737 -a
1264 1672 1361 1739 verbo

372 1777 489 1841 curque.

382 1842 434 1908 III.
461 1844 494 1909 Si
518 1844 642 1911 accidat
665 1855 701 1912 ut
724 1846 818 1912 Missa
843 1846 958 1912 alicubi
983 1847 1163 1913 celebretur
1186 1845 1217 1912 S.
1240 1848 1361 1915 Menoec

346 1923 510 2019 dompne,
534 1935 669 2019 petenda
702 1936 756 2001 illa
784 1944 833 2001 cst
856 1957 873 2001 e
897 1935 1062 2001 O'ommuni
1095 1938 1187 2001 unius
1210 1936 1359 2025 Martyris

329 2032 399 2092 ,uon
424 2021 587 2088 pontificis
610 2024 749 2089 secundo
773 2025 855 2100 loco,
880 2044 993 2109 nempe
1016 2024 1198 2100 Laetabitur,
1223 2045 1295 2090 cum
1319 2024 1359 2092 O·

329 2109 514 2175 :rationibus
538 2131 609 2195 quae
633 2112 682 2177 die
705 2112 765 2178 hac
788 2114 819 2177 in
844 2112 962 2177 Ilissali
985 2111 1182 2184 exhibentur.

328 2171 347 2253 I·
368 2234 413 2245 -
436 2197 459 2262 I.
483 2198 584 2264 Hodie
607 2209 696 2267 extra
720 2202 844 2266 Italiam
860 2208 893 2265 et
908 2198 1060 2266 Ordinem
1083 2208 1229 2265 nostrum
1253 2201 1360 2285 agitur

335 2274 368 2347 S.
391 2285 502 2352 Oidaci
526 2286 724 2355 Conlessoris
748 2289 902 2364 Officium,
927 2288 1011 2373 quod
1035 2297 1178 2353 evectum
1202 2308 1272 2353 esse
1296 2310 1354 2375 pro

334 2361 480 2440 Ecclesia
504 2378 673 2444 uniuersali
699 2400 716 2444 a
741 2380 804 2444 ritu
828 2377 1029 2464 semiduplici
1052 2377 1093 2442 ad
1117 2376 1276 2463 duplicem
1299 2380 1356 2445 mi·

330 2470 447 2529 uorem
479 2485 497 2529 a
528 2466 584 2531 Pio
608 2466 758 2555 PaanI
782 2489 844 2534 non
868 2475 1004 2532 constat.
1028 2467 1059 2532 S.
1083 2466 1119 2532 R.
1147 2466 1178 2532 0.
1203 2466 1245 2532 OO
1269 2467 1355 2556 Sept.

333 2543 424 2617 IOOO
448 2553 481 2616 iu
504 2553 643 2621 Brixieu.

378 2640 418 2706 Il.
443 2640 479 2706 In
503 2641 594 2708 Italia
618 2652 650 2709 et
673 2644 789 2710 insulis
813 2642 1033 2730 adjacenti-bus
1056 2641 1067 2728 (
1090 2650 1180 2708 extra
1205 2641 1356 2710 Ordinem

329 2728 533 2817 nostrum),
567 2731 697 2798 Ilestum
720 2733 814 2799 hodic
850 2733 966 2798 colitur
989 2732 1021 2797 S.
1046 2731 1197 2797 Stanislai
1226 2732 1356 2798 Kostlrec

328 2806 533 2885 ConfesscrIs
555 2822 620 2887 ritu
643 2821 761 2908 duplici
783 2822 910 2900 mluori,
933 2820 1023 2906 cujus
1046 2818 1155 2886 Ollicio
1179 2820 1240 2909 (ex
1263 2841 1355 2908 pecu-

328 2891 405 2973 liari
421 2906 641 2996 dispositione)
658 2911 753 2976 debet
775 2912 882 2976 locum
899 2909 1012 2976 cedere
1029 2909 1251 2997 quodcumque
1268 2909 1354 2976 alind

328 2995 429 3061 ctiam
453 2999 602 3082 equalis,
626 3020 690 3065 non
713 3000 789 3065 item
812 2999 936 3065 altioris
959 2999 1061 3075 ritus,
1085 2997 1145 3063 hac
1169 2998 1219 3064 die
1243 3018 1354 3065 occur·

328 3089 419 3148 tens
444 3084 475 3149 S.
501 3085 536 3151 Il.
562 3087 595 3153 (l.
619 3087 710 3154 Decr.
745 3088 847 3153 Italicc
878 3098 907 3154 et
933 3088 1112 3154 loculorum
1143 3087 1354 3173 adjacentium

328 3158 348 3228 3
372 3171 468 3238 Febr.
487 3174 584 3241 retr.
601 3177 749 3242 Attamen
774 3177 858 3264 apud
883 3198 940 3243 nos
963 3177 1092 3242 Festum
1115 3176 1202 3241 istud
1225 3176 1355 3243 minime

328 3260 456 3346 agium,
485 3263 559 3348 quia
590 3285 662 3330 cum
685 3264 854 3331 Decretum
885 3264 1040 3352 eJ'usmodi
1070 3283 1132 3329 non
1152 3260 1354 3349 'praeceptum

328 3349 472 3432 quidem,
493 3352 549 3418 sed
573 3372 694 3419 meram
711 3353 897 3420 facultatem
921 3353 1077 3440 exprimat
1099 3372 1157 3438 per
1174 3351 1242 3417 haec
1257 3351 1355 3417 verba

328 3437 507 3504 docuimus
526 3462 586 3529 pro
608 3442 722 3529 pretio,
745 3442 864 3508 idcireo
887 3463 906 3507 a
929 3439 1123 3507 Praesulibus
1147 3441 1265 3505 nostriS
1288 3460 1355 3526 prae

328 3527 425 3614 copia
450 3529 586 3595 aliorum
609 3530 804 3606 Officiorum
828 3550 899 3616 quae
922 3529 1051 3616 propria
1074 3527 1239 3604 hebemus,
1264 3547 1353 3594 acce·

328 3617 459 3698 ptatum
492 3638 555 3685 nou
586 3628 656 3694 est;
686 3619 718 3685 id
741 3639 838 3706 porro
868 3621 937 3704 ipsa
968 3617 999 3683 S.
1025 3617 1062 3683 tt.
1087 3616 1119 3681 O.
1144 3625 1247 3682 ratum
1279 3615 1355 3683 fecit

328 3718 416 3770 anno
442 3703 528 3772 tutu
560 3706 765 3794 adprobando
795 3715 941 3773 nostrum
970 3705 1214 3781 Kalendarum,
1237 3706 1267 3771 iu
1292 3725 1355 3797 quo

328 3786 442 3861 sancti
464 3795 551 3862 illius
567 3795 711 3864 Officium
734 3796 1000 3884 pretermittitur.
1023 3795 1132 3880 Relepe
1155 3815 1180 3858 c.
1204 3793 1226 3859 l
1247 3816 1278 3859 o.
1303 3794 1355 3860 li.

328 3930 335 3944 .
360 3881 600 3952 -Lectiones
630 3887 741 3972 quinta
771 3893 802 3951 et
833 3893 922 3950 sexta
951 3885 984 3950 in
1007 3881 1116 3949 Oilicio
1140 3881 1355 3948 Dedicationis

328 3969 543 4039 Basilicarum
568 3974 617 4041 Ss.
642 3976 753 4063 Apost.
778 3974 864 4040 Petri
888 3982 920 4040 et
942 3973 1032 4039 Pauli
1056 3991 1118 4039 una
1149 3991 1222 4037 cum
1246 3971 1356 4056 Elogio

328 4058 562 4217 Marpppologii,
585 4074 681 4152 prout
703 4062 886 4130 reformare
909 4070 994 4140 sunt,
1017 4062 1061 4126 ita
1084 4067 1159 4128 sunt
1181 4058 1354 4127 recitanda
