3484 4875
340 472 405 540 288
629 489 851 538 annorrrroucs
867 489 898 536 m
914 488 1005 537 rcsrr
1021 489 1093 538 uun

360 594 505 699 peditam
524 594 616 681 juxta
639 595 806 698 Rubricas.
824 594 855 659 S.
874 592 910 659 R.
937 594 970 660 C.
994 596 1037 661 67
1062 596 1139 663 lure.
1163 596 1248 663 1766
1267 596 1295 662 ir
1313 596 1365 663 llio·
1406 642 1408 682 3

359 680 1370 858 tibitibi*bll'llttl.l³ltltttl¹‘.l⁰.t.ltl⁰b
1405 729 1408 856 3

362 856 1371 1033 tttlflttltltltlttbtltllbt}ltltfflttltl
1404 898 1407 944 l

359 1037 420 1126 plu'
440 1036 551 1121 plocio.
576 1033 625 1099 Au
642 1033 831 1099 blatutinum
853 1033 1004 1099 secundm
1028 1042 1060 1100 et
1084 1036 1194 1101 tertiae
1215 1035 1372 1122 Antiphone

363 1127 463 1191 trium
497 1122 758 1196 Nocturuorum‚
782 1140 841 1185 uec
864 1141 927 1187 non
952 1122 1003 1208 ubl.
1028 1121 1141 1189 brevia
1168 1123 1322 1189 Horarum
1338 1142 1371 1189 su·
1401 1167 1408 1212 p

363 1220 498 1279 muutor
513 1230 552 1275 ex
568 1209 664 1275 desto
681 1208 891 1275 Sxaltatiouis
909 1210 952 1273 11
968 1210 1185 1295 Septembris.
1202 1211 1238 1277 ln
1256 1211 1370 1277 secundis
1404 1292 1405 1296 Ἰ

363 1299 516 1385 Vesperis
540 1296 579 1363 ud
602 1296 783 1383 anoificct
807 1296 992 1382 Antiphona
1015 1305 1065 1362 est
1091 1299 1229 1365 Crucem
1253 1310 1370 1365 concur.

363 1387 401 1464 ln
425 1388 522 1453 llissa
546 1384 676 1451 additur
697 1384 836 1470 Allelujn
860 1384 901 1449 ad
925 1384 1157 1463 offertorium,
1183 1387 1239 1452 sed
1264 1396 1369 1473 practer·
1403 1436 1408 1446 .

365 1476 432 1542 itur
453 1474 493 1541 ad
517 1474 689 1539 Introitum
705 1480 737 1538 ct
759 1472 1036 1551 Communionem,
1053 1472 1221 1541 (lraduale
1237 1483 1333 1541 autem
1346 1491 1368 1539 u

363 1564 462 1629 llissa
485 1561 695 1627 llxaltalionis
731 1561 862 1645 petitor.
886 1561 918 1626 S.
940 1560 977 1626 R.
1005 1563 1037 1629 C.
1063 1561 1105 1627 16
1138 1561 1236 1627 Febr.
1261 1560 1366 1628 llblit
1396 1593 1408 1630 ι·

365 1652 493 1717 liemon.
530 1649 690 1715 Praeterea
715 1650 743 1713 si
778 1655 954 1733 reponatur
977 1650 1010 1715 in
1046 1649 1132 1716 diem
1166 1651 1220 1737 qui
1244 1648 1368 1716 nouale

370 1740 476 1805 ctione
493 1746 604 1804 careat
628 1736 667 1801 de
684 1735 815 1801 homilia
840 1736 890 1803 vel
906 1735 992 1802 Festi
1008 1736 1178 1823 simplicis,
1195 1746 1270 1805 tunc
1290 1745 1367 1804 oetan
1394 1811 1408 1822 .

366 1826 475 1893 Lectio
500 1824 678 1891 absolvitur
701 1823 741 1888 ad
765 1844 860 1889 voces
877 1824 947 1891 Nou
970 1826 1121 1891 recredet
1144 1828 1199 1905 cis,
1223 1847 1302 1892 nona
1320 1841 1366 1890 un
1404 1867 1408 1874 -

368 1914 539 1980 inchoatur
562 1934 580 1979 a
603 1912 701 1978 verbo
725 1912 878 1977 lolendcl.
906 1911 943 1977 ld
963 1914 1070 1998 ipsum
1094 1922 1243 1981 servetur
1265 1913 1313 1980 ubi
1329 1912 1366 1977 lu

370 2003 502 2068 Festum
526 2009 577 2067 est
600 2001 718 2086 duplex
740 2001 854 2085 primae
879 2000 1004 2067 elassis.¹
1110 2023 1122 2042 ·

413 2089 467 2155 llI.
492 2089 710 2155 Transeuntes
744 2096 818 2154 aute
841 2088 953 2154 Altare
975 2089 1029 2155 ubi
1051 2089 1220 2156 recondita
1243 2097 1290 2157 est
1308 2085 1363 2154 tet
1396 2131 1408 2148 .

362 2179 437 2265 quia
461 2177 493 2243 S.
519 2176 642 2251 Crucis,
677 2176 766 2241 illam
791 2175 910 2242 debent
939 2176 1008 2243 sola
1044 2179 1160 2263 eapitis
1196 2176 1327 2244 inclinati
1403 2233 1408 2241 .

368 2269 526 2333 venerari.
543 2264 578 2331 Si
602 2272 708 2330 autem
726 2264 798 2330 loco
820 2264 966 2349 principe
989 2284 1087 2349 super
1110 2266 1223 2332 liltore
1246 2268 1286 2331 sit
1305 2279 1368 2348 expe
1400 2303 1408 2326 .

366 2354 439 2430 sita,
457 2355 586 2420 unicum
604 2372 621 2417 a
639 2351 879 2417 transeuntibus
903 2359 978 2417 ante
994 2353 1083 2419 illam
1100 2372 1186 2437 genu
1209 2350 1368 2421 llectendnt
1403 2413 1408 2422 .

367 2451 426 2508 est.
444 2443 475 2508 S.
500 2441 537 2506 R.
564 2440 596 2506 0.
621 2441 640 2506 7
663 2439 741 2525 Mcj.
768 2437 854 2506 1746
869 2440 902 2504 in
923 2437 1101 2507 Varsooien.
1118 2441 1161 2506 od
1179 2443 1231 2508 lu.
1249 2443 1283 2508 ln
1298 2440 1366 2506 uim
1400 2493 1408 2503 .

369 2549 479 2597 coram
503 2529 650 2613 Reliquia
673 2527 706 2593 S.
732 2528 843 2593 Crucis
866 2529 1011 2614 exposita
1034 2549 1125 2614 aeque
1158 2550 1257 2597 unum
1280 2530 1369 2595 doute

367 2626 423 2684 xat
456 2616 650 2683 flectendum
674 2626 725 2681 est
747 2635 831 2699 genu
854 2616 887 2680 in
917 2635 1050 2682 accessu
1073 2625 1106 2682 et
1129 2637 1262 2684 recessu
1283 2616 1318 2684 ab
1333 2610 1368 2679 ll·
1400 2678 1408 2695 ,

368 2706 453 2782 tari,
477 2713 510 2770 et
533 2705 658 2789 quoties
692 2702 851 2769 Sacerdos
876 2701 1060 2769 adulteris
1094 2704 1239 2772 medium
1272 2724 1304 2772 se
1321 2718 1370 2768 coe

365 2792 430 2859 lert
463 2792 507 2857 ibi
543 2791 725 2876 digrediens
761 2811 779 2856 e
810 2792 913 2857 latere
943 2791 983 2856 ad
1019 2793 1127 2867 latus,
1164 2801 1200 2860 ut
1234 2794 1268 2860 in
1299 2786 1370 2858 olm

366 2880 525 2946 licatione
550 2879 583 2944 S.
601 2878 638 2944 R.
660 2879 692 2944 C.
716 2877 759 2943 75
775 2878 853 2964 maj.
873 2878 958 2945 1665
982 2878 1014 2942 io
1028 2877 1197 2948 Lucioueu.
1215 2881 1259 2946 cd
1280 2874 1368 2946 tut
1402 2954 1408 2959 ,

368 2967 506 3052 Lignum
529 2965 562 3032 S.
587 2965 709 3042 Crucis,
726 2966 781 3033 nbi
803 2966 1068 3032 immemorabilis
1085 2969 1173 3052 viget
1192 2961 1372 3037 consuetudo

268 3099 270 3104 -
350 3053 416 3121 ..las
440 3063 490 3120 est
513 3052 637 3119 deleme
660 3056 693 3120 in
716 3053 1012 3140 Supplicatiouibos
1046 3055 1107 3121 sub
1132 3054 1280 3124 Umbella
1305 3053 1372 3135 mist

365 3143 571 3216 metuantur
595 3157 659 3207 non
683 3144 760 3207 item
784 3142 948 3228 Reliquias
971 3143 1021 3208 vel
1045 3141 1178 3210 Statuas
1193 3145 1230 3211 B.
1248 3145 1287 3212 ll.
1307 3141 1373 3208 tto

365 3230 570 3304 Sanctorum.
595 3231 626 3296 S.
651 3230 688 3295 lt.
714 3230 747 3296 C.
771 3231 813 3295 27
837 3230 932 3296 Mart.
958 3231 1058 3297 lddd·
1073 3231 1167 3299 Decr.
1191 3229 1372 3318 percellu-

365 3340 438 3387 sum
463 3320 517 3387 obi
542 3339 611 3384 mos
635 3317 727 3383 adest
743 3317 907 3384 deferendi
929 3318 1066 3402 Lignum
1089 3339 1147 3386 seu
1165 3319 1336 3408 Reliquiam
1349 3311 1371 3381 S.

365 3408 478 3485 Crucis
502 3407 650 3474 manibus
681 3406 751 3471 velo
775 3406 935 3473 humerali
959 3407 1103 3492 opertis,
1125 3410 1264 3476 retineri
1285 3408 1372 3495 pecu

365 3497 398 3562 S.
423 3496 460 3562 B.
489 3496 521 3562 C.
547 3495 588 3560 16
612 3495 696 3581 Sept.
727 3494 809 3559 llll
847 3495 881 3560 iu
902 3493 1097 3560 Braeboren.
1133 3495 1172 3562 lu
1195 3495 1376 3565 Procerum

366 3585 526 3660 omnibus,
550 3590 669 3668 praeter
693 3581 886 3668 llpisoopum
910 3584 963 3667 qui
987 3582 1020 3648 S.
1045 3582 1184 3668 Lignum
1207 3580 1374 3658 defernn-

366 3672 544 3738 cedendum
568 3677 627 3735 est·
641 3669 766 3736 detecto
790 3670 905 3757 capite.
929 3670 961 3735 S.
985 3669 1022 3736 R.
1049 3670 1082 3736 C.
1106 3671 1127 3736 6
1151 3671 1240 3761 Sept.
1265 3664 1375 3740 tott‘·

369 3757 546 3842 chetcucn.
569 3757 706 3841 Lignum
728 3756 761 3824 S.
778 3757 890 3824 Crucis
907 3756 1001 3824 tbure
1023 3757 1174 3826 adoletur
1189 3761 1310 3848 triplici
1328 3772 1375 3844 qn·

361 3843 440 3910 'uem
457 3844 566 3920 ductu,
582 3865 601 3910 a
618 3844 792 3912 Sacerdote
816 3865 880 3913 non
901 3844 1066 3930 genuflexo
1090 3845 1148 3911 sed
1166 3855 1285 3925 stante,
1304 3844 1374 3913 etia·

367 3931 459 3997 Feria
476 3941 566 3998 sexta
578 3933 611 3997 in
623 3933 809 3999 Parasceve.
822 3933 854 3998 S.
864 3931 900 3998 R.
912 3929 944 3999 C.
957 3933 1000 4000 25
1008 3933 1093 4021 Sept.
1108 3933 1195 4001 1677
1208 3936 1244 4002 c'r
1254 3932 1373 4004 Num

366 4019 409 4086 ad
433 4019 485 4087 tl.
509 4019 684 4106 Postquam
705 4019 909 4107 Reliquias.
928 4021 1038 4091 Crucis
1062 4017 1123 4089 init
1145 4024 1199 4093 vel
1221 4017 1373 4102 rueme
