3484 4875
366 494 431 563 270
591 513 764 561 mmoraxna
779 512 866 559 amaa
882 510 1019 558 ocravau
1034 509 1157 557 nasone

351 620 493 707 exposita
510 640 536 685 c.
554 618 573 685 8
590 640 620 685 n.
639 621 657 684 5
675 627 707 684 et
722 619 776 694 79,
792 638 850 684 nec
867 638 931 684 non
948 616 987 683 ad
1005 616 1090 683 diem
1117 622 1233 683 sextam
1252 608 1338 688 tanta*
1380 653 1388 664 -

346 730 377 775 n.
402 709 437 774 V.
461 708 497 775 ln
519 708 665 794 Vesperis
688 707 818 773 Paschae
842 706 1023 793 antiphona
1045 706 1124 772 Hoec
1146 706 1208 771 dies
1228 713 1279 772 etc.
1308 716 1339 761 ι’
1372 724 1375 741 ¹

344 797 478 864 cinenda
501 806 550 864 est
572 797 611 863 ab
635 795 899 862 Hebdomadario.
916 796 948 861 S.
966 796 1002 862 ll.
1033 794 1066 860 C.
1093 795 1130 860 ll
1157 795 1237 884 Sept.
1258 793 1320 860 tau
1375 812 1378 824 ·

350 886 497 952 Veronae.
520 886 562 951 od
584 885 614 951 d.
638 885 819 951 Benedictio
835 885 950 950 llensaa
966 893 998 951 et
1014 885 1192 970 gratiarum
1208 884 1281 949 actio
1296 884 1320 948 ln
1377 892 1388 970 ζ

248 1028 259 1048 .
344 984 377 1040 et
399 996 456 1062 per
479 984 578 1041 totam
601 971 751 1040 Octavam
774 974 941 1039 coniicitur
964 994 1021 1060 per
1044 972 1142 1038 verba
1166 972 1305 1038 Hcecdv'cc
1324 999 1349 1053 g
1378 979 1397 1019 ³³

346 1062 427 1143 Ouid
450 1063 533 1129 lacto
557 1083 635 1150 opus
658 1065 721 1139 sit,
755 1063 808 1127 uhi
844 1061 972 1127 Festum
1003 1062 1034 1128 S.
1059 1061 1160 1127 Marci
1183 1068 1332 1134 occurrat,

344 1152 521 1228 Pambotis,
545 1151 672 1240 pervide
695 1150 754 1216 sub
778 1151 828 1216 die
858 1151 901 1216 75
933 1151 1053 1237 Aprilis
1086 1172 1116 1215 ιι.
1151 1148 1202 1215 tv.
1224 1149 1328 1216 llencd
1377 1163 1384 1195 l

344 1238 482 1307 Ovorum
506 1243 703 1325 aliorumque
727 1240 966 1305 exculenlorum
989 1240 1120 1306 minime
1144 1239 1229 1305 inter
1247 1239 1310 1325 jura
1378 1259 1397 1325 Ι·

348 1341 491 1396 moratur
524 1331 662 1396 strictim
695 1328 890 1415 parochialia
920 1328 957 1416 (*)
980 1328 1011 1394 S.
1036 1328 1073 1394 a.
1101 1326 1133 1393 G.
1160 1327 1321 1393 771αιι.7
1378 1345 1397 1414 t

348 1418 437 1484 Oecr.
462 1441 564 1504 ponor.
1305 1477 1308 1482 ,
1337 1433 1341 1472 t
1380 1424 1397 1508 f.

409 1507 439 1573 2.
463 1507 548 1574 lnlra
565 1505 714 1573 Octavam
731 1504 860 1571 Paschae
877 1505 1099 1593 quodcumque
1121 1504 1262 1581 Festum,
1277 1505 1319 1571 cti
1330 1533 1351 1569 ι,
1381 1519 1397 1575 t

343 1594 459 1682 duplex
470 1598 581 1682 primae
593 1596 715 1670 classis,
728 1602 886 1671 occurrat,
899 1604 971 1681 post
982 1595 1072 1662 illam
1089 1593 1288 1684 transfertur.
1299 1593 1327 1659 p
1381 1599 1389 1644 l

344 1685 388 1749 tit.
407 1686 424 1749 7
442 1706 470 1749 c.
489 1685 518 1749 7.
542 1685 587 1749 lle
610 1684 752 1770 Simplici
769 1685 834 1748 sive
850 1704 908 1769 par
923 1702 969 1760 se,
984 1685 1049 1749 sive
1066 1704 1124 1770 per
1142 1685 1337 1759 accidens,

343 1773 602 1839 commemoratio
630 1774 735 1857 agitur
758 1774 789 1837 in
812 1772 998 1848 llominica‚
1030 1793 1069 1837 ac
1091 1774 1123 1839 in
1147 1773 1241 1840 Feria
1263 1790 1333 1839 secu
1382 1777 1397 1854 t:

345 1869 378 1926 et
401 1862 494 1927 tertia
518 1860 702 1935 Paschatis;
734 1862 761 1927 si
785 1870 857 1947 post
881 1860 941 1925 hoc
965 1860 1108 1927 triduum
1131 1862 1273 1938 incidat,
1299 1859 1348 1924 dc
1380 1873 1397 1909 r

345 1952 604 2017 commemoratio
627 1948 682 2015 fiat
705 1958 769 2015 tam
791 1952 824 2015 in
847 1948 956 2016 Officio
981 1970 1077 2036 quam
1100 1952 1132 2016 in
1158 1951 1264 2024 llissa,
1280 1955 1306 2015 ct
1327 1970 1343 2003 o
1383 2025 1385 2042 μ

345 2037 417 2104 dem
441 2040 504 2104 ritu
526 2038 692 2114 Paschali‚
717 2058 826 2103 verum
857 2039 926 2104 sine
949 2038 1017 2123 ejus
1040 2039 1194 2106 Lectione
1217 2039 1255 2106 ad
1277 2037 1316 2103 lla
1331 2058 1355 2096 ιτ
1386 2118 1388 2122 ¹

343 2147 440 2201 num;
472 2128 613 2213 quinimo
635 2129 662 2193 si
686 2127 832 2193 inciderit
854 2129 887 2193 in
911 2126 1035 2193 Feriam
1068 2137 1218 2214 quartam
1241 2130 1346 2212 atquc
1384 2160 1387 2168 ·

344 2217 479 2302 simplex
502 2236 559 2303 per
582 2216 738 2291 accidens,
755 2216 855 2302 ipsius
879 2218 1177 2283 commemorationi
1200 2217 1284 2282 locus
1303 2210 1339 2278 dv
1383 2240 1384 2243 ¹

344 2306 440 2371 etiam
463 2306 496 2371 in
519 2305 666 2392 Vesperis
689 2305 789 2369 Feriae
814 2306 915 2371 tertiae
942 2305 1165 2391 praecedentis
1189 2306 1221 2371 S.
1244 2304 1276 2370 u.
1298 2301 1344 2388 ll

343 2393 438 2461 Mart.
464 2395 548 2460 1775
572 2398 602 2460 in
625 2390 795 2460 tutotuto
817 2394 858 2460 ccl
881 2394 903 2460 t
926 2403 954 2459 ct
976 2393 1072 2461 Bccdr.
1094 2394 1199 2483 pecul.
1222 2415 1251 2459 a.
1274 2390 1315 2458 tt.

343 2484 449 2549 licium
474 2484 505 2548 in
529 2484 632 2549 triduo
656 2483 820 2548 Paschatis
844 2491 892 2549 est
916 2483 1032 2569 duplex
1055 2485 1169 2571 primae
1193 2483 1341 2555 classis‚'

345 2572 484 2638 triduum
502 2582 551 2639 est
573 2571 779 2657 semiduplex.
797 2571 883 2638 lnlra
907 2570 1058 2639 Octavam
1076 2575 1184 2640 omnia
1201 2569 1336 2659 perficio
1388 2597 1389 2600 ¹

344 2669 380 2726 ut
397 2661 440 2726 ihi
457 2669 488 2725 et
504 2663 534 2726 in
552 2662 602 2726 die
618 2661 712 2725 Festi.
730 2659 774 2724 Oe
791 2661 1000 2727 Absolutione
1012 2670 1044 2727 et
1055 2659 1324 2730 Benedictioniltus¹
1349 2729 1351 2732 y
1385 2667 1394 2694 ³

346 2749 439 2814 tende
457 2770 526 2834 quae
543 2750 708 2816 docuimus
724 2757 796 2835 post
812 2748 1021 2836 Epiphaniam
1039 2772 1068 2815 n.
1086 2732 1139 2816 ld.
1155 2751 1248 2816 Missa
1264 2753 1303 2812 est
1395 2804 1397 2811 .

344 2837 420 2902 tidie
436 2838 564 2924 propria
581 2859 651 2904 cum
672 2838 787 2915 Gloria,
804 2837 974 2924 Sequentia
999 2846 1031 2905 et
1057 2838 1167 2906 Credo.
1192 2835 1333 2904 Praelatit

344 2924 381 2989 lc
393 2925 450 2990 ltcc
464 2927 657 3015 potissimum
674 2926 733 3002 dic,
745 2947 818 2994 cum
838 2928 1102 2994 Communicuctcs
1116 2937 1147 2995 et
1161 2926 1305 3013 Hoocip'
1330 3007 1331 3012 ἵ

344 3013 475 3086 Pascha.
500 3015 576 3081 Post
599 3015 739 3081 triduum
762 3016 841 3082 illud
864 3018 896 3082 in
919 3017 1015 3082 Missa
1038 3016 1178 3083 secunda
1201 3023 1311 3082 tantum
1349 3051 1351 3062 ι

340 3100 485 3188 jungitur
507 3103 619 3188 Oratio
638 3104 781 3177 Ecclesiae
804 3106 852 3171 vel
876 3127 933 3192 pro
959 3105 1053 3192 Papa,
1077 3127 1140 3171 non
1173 3104 1300 3173 exclusis
1322 3107 1329 3152 t
1358 3139 1361 3154 .-

344 3192 435 3258 lcctis
458 3193 632 3280 imperatis.
656 3194 697 3257 At
720 3195 803 3260 enim
826 3194 880 3260 ubi
904 3204 1053 3260 occurrat
1075 3196 1233 3281 simplex,
1263 3210 1327 3258 sec
1355 3225 1358 3232 ⁴

344 3277 452 3349 Oratio
477 3283 515 3358 de
537 3283 607 3370 ipso
631 3283 702 3358 crit,
718 3290 749 3346 ot
772 3285 873 3349 altera
889 3283 1033 3349 Ecclesiae
1055 3285 1104 3349 vel
1122 3304 1181 3371 pro
1205 3282 1351 3369 Papam

363 3648 365 3650 -
403 3600 438 3679 (Ἰ
457 3606 490 3664 ln
510 3603 647 3663 Paschate
669 3602 879 3665 benedicuntur
901 3603 972 3681 agni
994 3612 1022 3664 et
1046 3607 1128 3678 Ova,
1159 3604 1247 3685 quia,
1266 3606 1362 3674 comp!

343 3681 597 3758 Quadragesimam
619 3701 635 3741 a
656 3701 742 3743 carne
763 3683 989 3745 abstinuerimus
1011 3692 1039 3744 et
1052 3685 1088 3746 ab
1104 3684 1178 3745 escis
1193 3704 1256 3765 quac
1269 3685 1362 3767 exattl

342 3759 451 3836 ducum
471 3763 620 3838 originem,
643 3763 888 3842 qrvemadmodum
911 3765 1057 3842 praecipuc
1081 3773 1147 3824 suut
1179 3782 1250 3840 ova3
1279 3764 1361 3821 martti

343 3841 483 3916 congruit,
498 3851 529 3900 ut
545 3843 685 3919 peculiari
700 3862 770 3903 cum
792 3843 993 3904 benedictione
1016 3843 1050 3904 ad
1074 3844 1126 3904 lios
1146 3844 1227 3907 cibos
1247 3844 1322 3904 denuo
1335 3844 1361 3893 tt·

345 3917 463 3978 mendos
485 3920 512 3979 in
534 3922 670 3982 Paschate
692 3923 884 3998 accedamus3
918 3923 1078 4002 praesertim
1111 3944 1176 3986 cum
1209 3912 1362 3985 uanoatvt
1395 3944 1397 3993 ι

344 3996 524 4090 potissimum
545 4009 677 4080 tempore
699 4011 820 4063 conetur
841 4022 893 4063 nos
914 4002 988 4077 gulae
1011 4003 1155 4065 illecebris
1178 4003 1283 4066 irretire
1303 4001 1324 4059 ct
1363 4009 1365 4018 “

344 4078 566 4143 immoderatum
590 4081 743 4160 epularum
765 4100 848 4144 usum
870 4083 1056 4168 pertrahere.¹
1075 4086 1145 4147 Vide
1169 4086 1310 4147 Telamon.
1356 4074 1360 4093 '
1395 4080 1397 4138 1
