3484 4875
471 611 836 695 nonnnnmmn
877 563 1123 697 nonmon
1250 490 1310 559 Η

624 771 973 823 -ο-»ωψμ-

597 926 1008 994 eommunis

324 1059 538 1126 Giroumoisio
562 1060 688 1126 Domini
712 1059 788 1147 dop.
812 1060 833 1124 2
857 1060 895 1125 oi.

323 1148 448 1213 Octava
471 1148 504 1213 S.
523 1147 676 1234 Stephani
693 1146 723 1212 ti.
740 1148 815 1211 mio.
835 1167 907 1212 oum
926 1166 1007 1212 eom.
1027 1144 1058 1211 S.
1076 1145 1124 1212 Jo.
1142 1155 1172 1213 et
1195 1148 1244 1215 Ss.
1262 1149 1331 1216 Inn.

323 1233 448 1301 Octava
472 1236 505 1299 S.
531 1236 662 1301 ioannis
687 1235 745 1321 Ap.
763 1236 837 1323 dop.
862 1237 937 1300 moi.
956 1254 1028 1300 oum
1047 1253 1128 1299 com.
1147 1234 1196 1301 Ss.
1221 1238 1329 1305 innoc.

323 1322 446 1388 Octava
471 1323 521 1388 Ss.
547 1324 767 1389 innocentium
792 1324 867 1412 dop.
893 1323 967 1388 min.

324 1411 442 1495 Vigilia
458 1411 572 1497 Epiph.
589 1410 696 1476 semid.
716 1432 789 1477 oum
814 1432 896 1477 oom.
915 1411 947 1475 S.
965 1410 1152 1496 Telesphori
1169 1411 1225 1499 Pp.
1243 1421 1274 1479 et
1292 1414 1330 1480 M.

323 1498 504 1585 Epiphania
529 1500 652 1565 Domini
678 1499 752 1587 dop.
779 1502 794 1564 i
822 1500 861 1565 oi.
887 1519 961 1565 oum
985 1498 1103 1565 Octavo
1129 1500 1207 1585 priv.

324 1587 371 1651 De
395 1585 515 1651 Octava
539 1588 653 1673 Epiph.
678 1588 831 1678 semitiop.

325 1674 372 1738 De
396 1673 516 1740 Octava
539 1676 692 1765 somidop.

326 1760 372 1826 De
397 1761 516 1828 Octava
539 1765 693 1852 semidop.

321 1849 372 1924 tte
395 1848 515 1916 Octava
538 1852 692 1939 semitiop.

328 1936 372 2001 [ie
395 1936 515 2003 octava
537 1938 690 2028 semidop.
716 1950 747 2007 et
771 1957 939 2007 commem.
957 1936 989 2004 S.
1015 1937 1131 2027 Hygini
1154 1941 1211 2027 Pp.
1236 1950 1268 2007 ei
1290 1943 1330 2009 M.

328 2024 372 2089 lie
396 2024 515 2091 Octava
538 2028 692 2115 semidop.

330 2112 445 2177 Octava
471 2114 657 2200 Epiphaniae
682 2117 757 2207 einp.

321 2201 418 2296 iiiom.
432 2202 461 2266 ll
478 2212 550 2287 post
568 2204 692 2289 Epiph„
706 2206 836 2271 Festum
850 2197 910 2268 SS.
921 2200 1064 2268 Nominis
1077 2202 1153 2268 Jesu
1166 2204 1240 2291 oop.
1256 2205 1275 2269 9.
1290 2208 1327 2273 ol.

323 2288 1335 2375 'SHiioriiEoCetD.ci.mio.cnmeom.S.FeiioisPresli.etM.

331 2377 361 2443 S.
383 2380 473 2445 Pauli
491 2379 502 2444 i
522 2380 625 2446 Erem.
646 2379 678 2446 C.
696 2382 772 2472 dorp.
790 2382 864 2446 mio.
884 2397 956 2445 oum
975 2398 1089 2445 comm.
1108 2377 1140 2443 S.
1155 2379 1254 2446 Mauri
1272 2382 1330 2448 Ab.

332 2465 361 2532 S.
386 2468 531 2533 Marcelli
554 2469 610 2554 Pp.
636 2478 667 2534 et
690 2470 729 2535 M.
754 2470 910 2556 semidop.

332 2554 361 2619 S.
379 2557 515 2621 Antonii
539 2556 672 2622 notatis
696 2558 771 2645 oup.
796 2557 871 2622 min.

332 2643 487 2709 Cathedrn
512 2643 544 2709 S.
568 2645 656 2710 Petri
680 2645 789 2711 Romae
812 2645 888 2738 dep.
911 2646 987 2730 maj.
1007 2662 1079 2708 oum
1104 2662 1333 2710 commemora·

374 2732 460 2796 tione
484 2731 516 2796 S.
542 2733 632 2798 Pauli
656 2752 693 2798 ao
718 2733 749 2798 8.
776 2732 895 2798 Prisoae
919 2731 954 2796 V.
980 2739 1013 2797 et
1035 2731 1075 2796 M.

333 2816 362 2883 S.
387 2819 501 2884 Canuti
526 2818 601 2904 Reg.
627 2829 659 2885 et
682 2821 831 2973 Martgris
854 2819 1008 2908 semidop.
1033 2819 1075 2884 od
1099 2818 1234 2896 libitum,
1259 2839 1333 2886 oum
1465 2874 1475 2891 .

374 2927 489 2972 nomm.
516 2905 565 2972 Ss.
590 2907 681 2973 Marii
705 2916 737 2973 et
785 2928 833 2974 oo.
858 2908 932 2973 Mm.

320 2990 379 3056 ¹Ss.
403 2995 536 3059 Fabiani
561 3002 592 3060 et
616 2994 797 3061 Sebastiani
820 2996 894 3064 Mm.
919 2994 994 3081 oiop.
1018 2994 1122 3063 minu.

335 3077 363 3143 S.
386 3083 519 3164 Agnetis
543 3081 578 3149 V.
605 3090 636 3147 et
660 3083 701 3147 Μ.
725 3084 800 3170 tiup.
825 3083 901 3147 min.

320 3164 380 3232 :Ss
403 3169 561 3234 Vincentii
586 3179 619 3234 ot
642 3172 803 3237 Anastasii
826 3171 899 3235 Mm.
923 3167 1077 3266 semidop.

320 3250 363 3318 iS.
387 3255 566 3342 Raymnndi
592 3257 631 3322 de
654 3257 828 3322 Pennafort
861 3255 949 3321 Coni.
973 3256 1126 3344 semniop.
1153 3264 1184 3320 et
1217 3274 1332 3321 oomm.

376 3340 406 3406 S.
433 3343 667 3410 Emerentianae
691 3343 727 3409 V.
753 3352 785 3409 ot
807 3345 847 3409 Μ.

320 3422 364 3493 iS.
387 3430 548 3496 Timothei
571 3431 628 3517 Ep.
653 3438 685 3495 et
709 3432 748 3496 Μ.
773 3431 851 3519 dop.
875 3433 950 3494 mio.

320 3511 503 3583 {Conversio
528 3518 559 3584 S.
577 3518 668 3584 Pauli
692 3519 750 3604 tp.
768 3518 843 3607 dep.
869 3519 946 3603 maj.
965 3535 1037 3581 oum
1062 3533 1177 3582 oomm.
1196 3515 1228 3580 8.
1246 3515 1334 3581 Petri

320 3594 365 3668 iS.
387 3606 558 3693 Polycarpi
581 3606 639 3692 Ep.
665 3612 697 3670 et
719 3607 758 3671 M.
784 3606 860 3693 dop.
884 3606 959 3670 mio.

320 3682 365 3757 ¹8.
387 3692 521 3761 ioannis
546 3693 766 3781 chrysostomi
790 3693 846 3779 Ep.
871 3692 905 3758 C.
930 3701 963 3758 et
984 3691 1074 3757 lioot.
1100 3691 1173 3779 einp.
1198 3693 1273 3758 mio.

320 3768 366 3844 iS.
388 3780 522 3864 Agnetis
547 3781 688 3846 secundo
711 3780 856 3868 simplex.

320 3858 366 3931 Ι8.
389 3867 554 3935 Francisoi
577 3869 692 3934 Salesii
717 3868 775 3954 Ep.
800 3875 833 3933 et
856 3866 890 3932 G.
914 3867 989 3956 dorp.
1014 3868 1090 3936 mio.

320 3948 367 4020 ’8.
389 3955 535 4022 Martinae
557 3956 593 4022 V.
619 3966 651 4023 et
673 3955 712 4020 M.
737 3955 891 4044 semidop.
1044 3983 1048 3990 ·

336 4039 367 4108 8.
389 4045 477 4113 Petri
499 4044 629 4115 Nolasoi
655 4040 744 4111 tons.
769 4043 844 4132 top.
868 4043 944 4110 mio.
