3484 4875
715 586 962 656 ANNOTANDA

513 779 544 823 m
567 777 658 823 essm
683 777 872 823 uscuusroms
896 777 932 821 ΕΤ
955 777 1159 823 Puuruuosrus

651 890 688 933 AC
712 889 742 933 m
764 888 865 933 EORUM
890 888 1020 934 OCTAVAS

365 1081 397 1145 l.
423 1079 492 1156 Die,
518 1081 572 1165 qui
595 1080 725 1146 Festum
744 1080 949 1146 Ascensiouis
973 1080 1143 1157 antecedit,
1161 1080 1191 1145 iu
1216 1080 1372 1168 Martyro-

327 1168 382 1252 gio
407 1169 514 1254 primo
549 1170 619 1233 loeo
652 1169 771 1252 legitur
798 1168 835 1232 lu
864 1169 968 1233 Monte
1004 1167 1121 1233 Oliveti.
1153 1167 1303 1253 Vespere
1334 1169 1373 1234 de

326 1256 493 1321 sceusiouc
510 1263 586 1320 snut
609 1256 757 1341 proprim.
776 1255 918 1343 Hymnus
936 1255 1143 1340 completorii
1159 1264 1191 1320 et
1213 1256 1373 1322 Horarum

326 1342 475 1409 rsolvitnr
499 1362 556 1428 per
579 1344 746 1427 stropham
763 1343 836 1407 Jesn
854 1344 910 1407 tihi
924 1344 962 1407 sit
977 1342 1090 1428 pierio,
1114 1344 1169 1428 qni
1190 1344 1288 1407 uictor
1311 1351 1371 1409 etc.

356 1429 399 1495 ad
431 1429 572 1495 Primam
601 1430 632 1494 iu
662 1430 692 1515 nl.
717 1431 806 1495 brevi
838 1430 955 1496 dieitur
985 1430 1012 1512 pl.
1040 1429 1100 1505 Qut
1128 1430 1248 1495 scandis
1278 1452 1373 1519 snper

326 1516 400 1582 iera
424 1536 525 1602 usque
548 1517 589 1581 ad
612 1518 834 1593 Pentecosten,
858 1519 955 1582 etiam
979 1518 1011 1583 in
1035 1515 1154 1583 (illiciis
1179 1519 1374 1583 occurrenti·

325 1624 367 1680 1s,
385 1604 448 1670 nisi
464 1605 508 1669 ihi
525 1604 594 1670 haee
611 1606 742 1690 propria
758 1612 876 1671 extent.
894 1605 1021 1690 Perlepe
1045 1605 1161 1670 trodim
1185 1606 1239 1670 snb
1257 1605 1306 1669 die
1329 1605 1371 1670 25

326 1713 367 1758 in.
385 1714 416 1757 n.
441 1692 461 1756 Ι
465 1691 491 1755 V
504 1702 533 1756 et
553 1691 587 1757 V.
612 1692 795 1758 Benedictio
812 1694 930 1758 Mensae
951 1714 1052 1777 usque
1070 1692 1110 1758 ad
1126 1692 1273 1778 vigiliam
1291 1694 1372 1759 Peu-

329 1787 438 1845 costes
463 1779 628 1866 perficitur
651 1800 708 1865 per
731 1782 758 1864 γ’.
776 1781 931 1855 Ascendit,
956 1789 987 1845 et
1011 1782 1042 1845 in
1066 1780 1127 1845 line
1144 1780 1172 1863 l.
1190 1780 1372 1846 decendens.

362 1867 395 1933 2.
421 1866 575 1932 Asceusio
611 1868 737 1934 Domini
772 1877 822 1933 est
856 1868 973 1953 duplex
1008 1869 1121 1954 primae
1153 1869 1265 1934 classis
1301 1861 1374 1934 cum

326 1962 429 2020 ctava.
456 1954 687 2041 Quodcumque
710 1956 841 2021 Festum
864 1958 896 2021 iu
914 1977 961 2025 ca
975 1976 1148 2021 occurrens
1171 1955 1374 2022 transfertur.

326 2042 394 2108 nbr.
418 2054 489 2130 post
517 2043 631 2109 Tabell.
657 2045 860 2109 perterrentioe
883 2068 912 2109 n.
933 2045 961 2108 l.
978 2043 1024 2108 De
1048 2043 1141 2107 Festo
1167 2045 1303 2128 simplici
1329 2044 1373 2108 ui·

326 2127 342 2194 il
366 2127 412 2203 su,
435 2129 520 2195 Pesti
544 2138 651 2195 autem
675 2133 777 2196 instar
800 2132 955 2217 simplicis
980 2131 1241 2195 commemoratio
1267 2132 1374 2213 agitur

326 2241 330 2282 ι
353 2217 500 2301 utrisque
516 2217 666 2303 Vesperis
690 2217 706 2303 (
713 2218 824 2304 Confer
841 2240 865 2283 e.
892 2218 911 2283 n
935 2241 964 2283 u.
991 2220 1009 2281 5
1034 2228 1063 2281 et
1086 2217 1105 2281 9
1111 2218 1139 2303 ),
1163 2215 1324 2282 Laudibus
1342 2225 1374 2282 et

327 2303 394 2369 issa
418 2307 515 2369 etiam
540 2305 686 2379 solemni,
704 2326 776 2370 cum
799 2325 882 2370 noua
899 2305 1049 2370 Lectione
1073 2304 1228 2368 historica
1251 2303 1292 2368 ad
1313 2304 1375 2368 lla·

325 2392 450 2457 rtiuum.
473 2392 504 2457 S.
529 2391 566 2456 R.
588 2391 619 2457 C.
644 2392 686 2457 27
710 2391 802 2458 Febr.
829 2393 913 2458 1847
938 2392 969 2456 in
997 2413 1059 2456 elno
1083 2391 1375 2457 Sanctimonialinm

326 2479 354 2544 S.
381 2479 489 2544 Creteis
520 2489 548 2543 et
574 2479 726 2545 Passionis
754 2482 796 2545 od
818 2481 849 2546 ἓ.
876 2480 923 2545 Ad
956 2477 1101 2545 Officium
1125 2488 1157 2543 et
1179 2479 1308 2544 hlissam
1341 2499 1374 2543 ο·

326 2566 386 2631 ruia
410 2574 486 2631 sunt
510 2567 658 2651 propria,
683 2577 778 2653 atque
802 2568 972 2633 adhibetur
996 2568 1085 2630 color
1109 2567 1211 2632 albus.
1236 2566 1313 2631 Post
1336 2565 1374 2630 u-

326 2654 481 2736 angelium
495 2653 599 2718 hlissre
616 2655 780 2730 solemnis,
794 2657 842 2720 vel
860 2657 887 2719 si
904 2656 959 2719 illa
977 2653 1069 2729 desit,
1082 2665 1156 2740 post
1167 2653 1376 2738 Evangelium

326 2738 406 2805 iissre
425 2740 650 2807 Conventnalis
676 2751 710 2807 nt
734 2742 817 2828 apud
843 2743 1029 2826 lieguiareS,
1046 2751 1101 2806 ant
1123 2741 1320 2807 Parochialis
1344 2741 1377 2806 iu

326 2826 438 2910 iugulis
463 2828 635 2904 Paraeciis,
660 2830 856 2913 extinguitur
880 2831 997 2895 Cereus
1020 2829 1202 2904 Paschalis,
1226 2837 1257 2894 et
1280 2829 1377 2894 ltlissa

329 2923 432 2980 eracta
457 2915 497 2980 ah
522 2916 623 2981 ditari
648 2926 832 2982 removetur
855 2916 903 3003 (*).
930 2915 1020 2996 Quml
1044 2919 1158 2982 attinet
1183 2916 1222 2982 ad
1246 2917 1377 2981 hlissam

326 2998 388 3066 'esti
413 3001 643 3079 transferendi,
675 3005 725 3069 vel
758 3004 796 3070 ad
820 3005 949 3069 Missam
974 3025 1031 3090 pro
1056 3025 1090 3069 re
1115 3005 1226 3088 gravi,
1259 3011 1314 3069 aut
1338 3004 1378 3068 de

326 3087 445 3173 laquie,
470 3090 565 3155 etad
593 3090 749 3177 Lxeqnias
780 3101 940 3178 praesente
965 3092 1146 3166 Cadavere,
1175 3091 1281 3156 recole
1305 3111 1332 3156 e.
1357 3091 1377 3158 8

326 3193 341 3239 ι.
364 3177 393 3252 5,
417 3178 435 3241 7
461 3185 493 3242 et
516 3178 559 3242 29
585 3198 622 3242 ae
646 3179 730 3243 diem
755 3180 774 3246 6
799 3180 943 3244 ianuarii
967 3200 998 3244 u.
1022 3179 1059 3243 V.

373 3263 401 3328 5.
426 3262 514 3330 Inira
535 3263 688 3331 Octavam
713 3266 919 3332 hsecusiouis
944 3265 1085 3351 quotidie
1102 3263 1246 3330 Officium
1271 3263 1378 3347 agitur

326 3343 351 3413 lc
364 3370 409 3428 ea,
427 3353 488 3417 uisi
505 3352 636 3418 Festum
660 3363 809 3419 occurrat
826 3374 940 3431 novem
956 3354 1143 3417 Lectionum
1161 3353 1256 3416 etiam
1276 3358 1379 3415 traus-

326 3431 407 3506 latum
441 3439 501 3527 (at
538 3440 644 3525 quoad
674 3443 868 3507 translatum
892 3440 1112 3525 semiduplex,
1149 3438 1280 3504 consule
1305 3439 1378 3504 ele

370 3763 398 3838 l't
417 3769 506 3828 llodie
528 3770 708 3845 extinguitur
730 3774 837 3830 Cereus
862 3769 1005 3830 Puschalis
1028 3786 1059 3828 ue
1083 3774 1146 3846 post
1167 3766 1384 3838 ltlissamamo·

326 3843 410 3916 lelur,
430 3857 461 3907 ut
481 3867 586 3924 nempe
620 3850 712 3908 ortilis
735 3850 823 3909 veluti
846 3849 1016 3926 subiiciatur
1048 3845 1186 3906 discessio
1208 3845 1311 3906 Christi
1346 3843 1382 3904 ah

326 3913 457 4064 pppstoqlis.
481 3932 590 3987 Cereus
612 3928 689 3988 enim
712 3928 856 3990 Pasehntis
873 3927 979 3988 Christi
1002 3925 1117 3988 Domini
1145 3923 1307 4004 symbolum
1331 3931 1382 3984 est.

375 4018 386 4057 t
428 4019 566 4069 eterianus.
