3484 4875
422 478 489 545 tto
741 494 832 542 rrnrx
845 494 946 541 araon
962 492 1145 541 romonum

322 677 334 696 .
440 625 473 669 ιι.
496 604 518 668 b
542 610 575 668 et
597 621 686 689 seqq.
711 599 906 687 Suffraginm
930 602 964 667 B.
989 602 1029 667 Μ.
1045 599 1083 667 V.
1107 602 1140 666 in
1164 599 1322 687 Vesperis
1345 607 1378 666 et
1396 600 1458 667 bau·

443 692 549 767 dibus,
573 692 683 757 adnot.
701 692 742 757 lt)
767 691 838 756 lan.
863 710 894 755 n.
919 690 961 755 lV
984 699 1018 755 et
1039 689 1076 754 V.
1100 689 1182 755 Vide
1203 690 1303 755 Misso
1326 691 1430 755 oetion.

396 780 663 867 llartyrologium
685 779 718 844 in
735 779 840 844 Cboro
864 778 1037 863 legendum
1061 788 1093 844 et
1117 778 1295 864 quomodo,
1312 778 1418 850 adnot.
1431 777 1460 840 li

440 868 512 933 lan.
537 889 569 933 n.
593 867 644 933 lV.
670 866 747 946 Quae
777 866 873 932 Festa
905 873 937 931 et
967 866 1078 933 Officia
1109 876 1142 931 et
1166 866 1333 951 quomodo
1364 885 1461 931 annun

440 956 562 1031 tianda,
585 954 662 1020 ibid.
687 954 780 1034 Quid,
804 956 832 1019 si
855 953 987 1019 Festum
1012 954 1230 1020 transferatur
1253 956 1355 1021 simul
1378 952 1462 1040 quoad

442 1043 584 1108 Chorum
608 1054 640 1109 et
663 1042 800 1118 Forum,
825 1042 934 1107 adnot.
958 1043 998 1107 cdl
1026 1043 1119 1108 llart.
1143 1064 1175 1107 n.
1200 1042 1231 1108 ll
1256 1052 1289 1107 ct
1313 1043 1358 1107 25
1382 1041 1462 1128 ejusd.
1504 1081 1507 1120 Ι

443 1152 474 1196 ιι.
500 1131 565 1196 Vll.
591 1134 640 1196 An
672 1133 830 1197 translata
853 1130 970 1213 Vigilia
993 1132 1025 1195 in
1050 1130 1254 1207 Sabbatum,
1287 1131 1464 1217 anticipetur

442 1220 539 1284 lectio
563 1218 689 1303 Vigiliae
718 1221 751 1284 in
782 1219 1035 1305 Martyrologio,
1066 1219 1175 1284 adnot.
1202 1219 1245 1284 l5
1278 1219 1353 1284 Jan.
1377 1240 1407 1284 n.
1427 1217 1464 1281 lV.

444 1306 599 1385 Quaenam
623 1315 672 1372 est
695 1308 791 1373 lectio
815 1307 1037 1393 Martyrologii
1055 1328 1139 1373 anno
1164 1307 1333 1372 Bissextili
1351 1309 1383 1371 in
1398 1306 1465 1389 Vigi-

443 1395 487 1459 lia
512 1394 544 1459 S.
570 1394 697 1460 llatbiae
721 1396 791 1481 Ap,
815 1394 925 1459 adnot.
949 1396 992 1460 to
1016 1394 1110 1461 Febr.
1136 1416 1166 1459 n.
1184 1394 1237 1460 lV.
1263 1394 1337 1473 Qua
1362 1395 1467 1459 ratione

443 1483 623 1548 canendum
647 1484 679 1547 in
707 1482 822 1566 Vigilia
846 1472 1040 1558 Natiuitatis,
1065 1484 1174 1547 adnot.
1199 1484 1245 1547 tt
1270 1482 1349 1548 Dec.
1376 1504 1404 1548 n.
1426 1481 1467 1546 lll.

398 1571 612 1636 llaternitatis
629 1571 663 1635 B.
681 1570 720 1635 ll.
738 1571 774 1635 V.
795 1570 924 1636 Festum
948 1573 975 1635 si
1000 1591 1057 1656 per
1074 1569 1225 1636 accidens
1250 1573 1302 1635 vel
1330 1578 1467 1657 perpetuo

442 1658 680 1734 transferatur,
704 1659 780 1742 qnid
805 1659 1059 1736 observandum,
1082 1660 1192 1726 adnot.
1224 1667 1302 1746 post
1328 1662 1348 1724 7
1374 1657 1468 1725 Qctob.

443 1767 474 1810 n.
500 1746 539 1810 ll.
564 1754 597 1811 et
620 1766 694 1831 pag.
719 1746 757 1812 bl
785 1746 817 1809 in
843 1754 929 1811 nota.

399 1832 537 1897 llatbias
561 1831 619 1919 (S.)
638 1835 821 1919 Apostolus.
839 1834 916 1919 Ejus
932 1832 1063 1900 Festum
1081 1856 1165 1900 anno
1181 1835 1362 1911 Bissextili,
1379 1834 1469 1899 adnot.

442 1916 601 2072 Vbbdllebr.
618 1942 650 2072 p.
668 1921 692 1987 l.
710 1920 803 2000 Quid,
820 1922 848 1986 si
866 1920 1082 1989 transferatur
1098 1923 1139 1988 ad
1163 1931 1296 2008 tempus
1321 1922 1471 1994 Pasobale,

447 2009 581 2074 ii.n.
606 2009 644 2073 l.
1056 2062 1061 2070 .

398 2096 568 2162 Matthaeus
593 2096 650 2184 (S.)
676 2097 849 2182 Apostolus
886 2104 917 2163 ct
949 2079 1153 2183 llvangclista
1191 2119 1269 2164 cum
1305 2100 1419 2165 incidit
1446 2099 1471 2161 in

442 2184 643 2250 Ilominicam
667 2186 717 2250 vel
741 2186 773 2249 in
797 2184 942 2264 Quatuor
959 2186 1130 2272 Tempora,
1155 2207 1193 2251 en
1218 2196 1338 2253 octava
1356 2197 1387 2253 et
1403 2205 1471 2253 nona

443 2274 512 2358 ejus
536 2273 688 2338 Lectione
711 2273 746 2337 lit
770 2293 844 2349 runa,
868 2274 977 2339 adnot.
1002 2275 1041 2338 ut
1069 2274 1157 2360 Sept.

398 2360 589 2426 llatutinum
613 2382 654 2425 an
679 2361 991 2447 anticipariqueat,
1023 2361 1131 2427 adnot.
1158 2363 1173 2426 l
1200 2362 1277 2428 lan.
1303 2384 1337 2428 n.
1362 2363 1389 2427 V
1411 2362 1472 2429 etl

445 2449 523 2514 Nor.
548 2470 579 2513 n.
605 2450 656 2514 lV.
1116 2494 1118 2499 -

399 2536 591 2602 Matutinum
615 2538 648 2600 in
683 2537 778 2602 Festo
813 2537 1023 2622 Epiphaniae,
1047 2539 1080 2601 in
1112 2538 1235 2604 Triduo
1261 2541 1379 2604 Mortis
1402 2539 1474 2605 Chri·

443 2625 485 2689 sti
509 2646 546 2690 ac
570 2627 603 2690 in
628 2624 834 2689 Hebdomada
859 2624 1128 2702 Resurrectionis,
1153 2647 1212 2692 cur
1237 2629 1335 2693 initio
1360 2637 1420 2693 etc.
1435 2647 1474 2693 oa·

441 2721 523 2789 reat,
547 2733 620 2798 pag.
647 2713 722 2788 tot,
746 2713 811 2778 oto
836 2721 869 2777 et
892 2713 956 2778 269
982 2715 1013 2778 in
1038 2722 1124 2778 nota.

398 2799 585 2865 llelchiadis
609 2799 666 2886 (S.)
690 2800 747 2886 Pp.
773 2809 805 2864 et
829 2800 868 2865 Μ.
893 2799 1024 2866 Festum
1050 2803 1103 2867 nbi
1128 2801 1319 2867 celebratur
1344 2806 1411 2872 ritu
1431 2803 1474 2868 do-

442 2889 519 2972 plici
542 2890 593 2952 vel
617 2889 838 2974 semiduplici,
863 2888 987 2954 obtinet
1011 2897 1160 2955 octavum
1184 2890 1215 2975 ri.
1242 2890 1383 2957 Domine
1402 2913 1473 2981 prec-

443 2976 561 3052 oeoisb,
586 2975 694 3041 adnot.
722 2979 763 3041 ld
787 2976 862 3041 tter.
888 2997 919 3042 n.
944 2977 995 3042 IV.

398 3061 561 3126 llicbaolis
583 3063 775 3148 Archangeli
793 3064 924 3129 Festum
941 3065 1070 3149 quando
1090 3065 1202 3132 incidit
1220 3068 1254 3132 in
1272 3068 1473 3139 Dominicarn

443 3170 481 3215 ex
506 3159 618 3217 octava
643 3159 675 3216 et
698 3174 782 3219 nona
806 3153 876 3238 ejus
900 3152 1051 3219 Lectione
1071 3174 1134 3219 una
1165 3156 1355 3238 coniicitur,
1371 3157 1473 3236 adnot.

443 3238 486 3304 29
512 3240 600 3326 Sept.
624 3238 704 3305 Vide
728 3242 908 3328 Appurr'tr'o.

398 3325 495 3392 llissa
519 3331 617 3394 etiam
640 3329 674 3393 in
698 3330 802 3393 aliena
825 3328 971 3393 Ecclesia
995 3329 1090 3395 debet
1113 3349 1185 3394 esse
1208 3330 1393 3398 conformis
1416 3327 1474 3396 ou-

442 3416 491 3479 cio
513 3416 748 3492 ,Celebrantis,
783 3416 855 3480 vide
882 3417 1088 3503 Conformitos
1122 3417 1228 3482 Missae
1265 3442 1342 3484 crim
1371 3418 1472 3507 Officio.

443 3501 579 3581 Quinam
605 3524 700 3570 casus
724 3505 937 3590 excipiantur,
955 3526 982 3570 c.
1007 3506 1027 3573 9
1052 3526 1082 3570 n.
1108 3506 1138 3570 l.
1155 3505 1238 3571 Vide
1262 3508 1363 3573 Misso
1386 3508 1473 3574 ootioo

444 3600 476 3654 et
501 3593 539 3656 de
564 3593 692 3680 Requie.
916 3612 920 3621 ’

397 3677 494 3742 lllissa
518 3680 557 3744 de
580 3689 727 3767 tempore
743 3679 917 3755 Passionis,
935 3699 1035 3765 qnare
1059 3698 1123 3745 non
1144 3679 1300 3746 admittat
1318 3682 1473 3749 Psalmon

442 3764 568 3844 dodico,
592 3789 665 3855 pag.
690 3768 755 3833 258
781 3769 813 3830 in
838 3777 924 3833 nota.

397 3851 495 3917 llissa
518 3853 743 3922 Conventualis
768 3856 821 3920 ubi
845 3857 908 3920 vim
933 3855 1096 3940 obligandi
1120 3855 1278 3934 obtineat,
1304 3880 1334 3925 c.
1354 3861 1373 3926 8
1397 3880 1426 3924 n.
1447 3856 1472 3920 ‘t

441 3940 576 4019 Quando
600 3953 631 4010 et
654 3945 708 4010 ubi
735 3944 803 4008 dnae
829 3944 933 4009 Missae
957 3943 1191 4010 Conventuales
1214 3954 1293 4011 sunt
1320 3947 1473 4012 celebran-

443 4029 508 4108 da,
530 4029 607 4095 ibid.
632 4030 700 4111 Qua
725 4033 814 4107 horo,
839 4044 871 4096 ct
896 4052 935 4097 an
960 4051 1033 4097 cum
1058 4039 1165 4108 cantu,
1191 4032 1270 4099 ibid.
1297 4034 1378 4114 Quat
1401 4050 1475 4101 conr·
