<?xml version="1.0" encoding="UTF-8"?>
<!DOCTYPE html PUBLIC "-//W3C//DTD XHTML 1.0 Transitional//EN"
    "http://www.w3.org/TR/xhtml1/DTD/xhtml1-transitional.dtd">
<html xmlns="http://www.w3.org/1999/xhtml" xml:lang="en" lang="en">
 <head>
  <title>
</title>
<meta http-equiv="Content-Type" content="text/html;charset=utf-8" />
  <meta name='ocr-system' content='tesseract 3.04.00' />
  <meta name='ocr-capabilities' content='ocr_page ocr_carea ocr_par ocr_line ocrx_word'/>
</head>
<body>
  <div class='ocr_page' id='page_1' title='image "./kalendariumperp00carpgoog_0243.png"; bbox 0 0 3484 4875; ppageno 0'>
   <div class='ocr_carea' id='block_1_1' title="bbox 359 508 1121 577">
    <p class='ocr_par' dir='ltr' id='par_1_1' title="bbox 359 508 1121 577">
     <span class='ocr_line' id='line_1_1' title="bbox 359 508 1121 577; baseline 0 -2"><span class='ocrx_word' id='word_1_1' title='bbox 359 508 426 576; x_wconf 74' lang='lat'>25⁰</span> <span class='ocrx_word' id='word_1_2' title='bbox 625 529 847 577; x_wconf 76' lang='lat' dir='ltr'>eurorarrones</span> <span class='ocrx_word' id='word_1_3' title='bbox 864 530 894 575; x_wconf 91' lang='lat' dir='ltr'>m</span> <span class='ocrx_word' id='word_1_4' title='bbox 909 528 1001 575; x_wconf 74' lang='lat' dir='ltr'>unsri</span> <span class='ocrx_word' id='word_1_5' title='bbox 1016 529 1121 575; x_wconf 83' lang='lat' dir='ltr'>umru</span> 
     </span>
    </p>
   </div>
   <div class='ocr_carea' id='block_1_2' title="bbox 229 634 1381 4189">
    <p class='ocr_par' dir='ltr' id='par_1_2' title="bbox 229 634 1371 3379">
     <span class='ocr_line' id='line_1_2' title="bbox 379 634 1360 721; baseline 0 -19"><span class='ocrx_word' id='word_1_6' title='bbox 379 634 507 702; x_wconf 90' lang='lat' dir='ltr'>nonnisi</span> <span class='ocrx_word' id='word_1_7' title='bbox 530 654 587 721; x_wconf 84' lang='lat' dir='ltr'>per</span> <span class='ocrx_word' id='word_1_8' title='bbox 610 634 777 703; x_wconf 90' lang='lat' dir='ltr'>dimidium</span> <span class='ocrx_word' id='word_1_9' title='bbox 800 635 861 701; x_wconf 93' lang='lat' dir='ltr'>diei</span> <span class='ocrx_word' id='word_1_10' title='bbox 886 635 1074 701; x_wconf 80' lang='lat' dir='ltr'><strong>observetur</strong></span> <span class='ocrx_word' id='word_1_11' title='bbox 1106 635 1139 701; x_wconf 94' lang='lat' dir='ltr'>in</span> <span class='ocrx_word' id='word_1_12' title='bbox 1163 634 1263 711; x_wconf 87' lang='lat' dir='ltr'>Foro,</span> <span class='ocrx_word' id='word_1_13' title='bbox 1289 636 1360 702; x_wconf 82' lang='lat' dir='ltr'>nole</span> 
     </span>
     <span class='ocr_line' id='line_1_3' title="bbox 381 723 1335 791; baseline -0.001 -1"><span class='ocrx_word' id='word_1_14' title='bbox 381 724 487 790; x_wconf 82' lang='lat' dir='ltr'>tiamsi</span> <span class='ocrx_word' id='word_1_15' title='bbox 519 724 551 790; x_wconf 88' lang='lat' dir='ltr'>S.</span> <span class='ocrx_word' id='word_1_16' title='bbox 575 725 767 790; x_wconf 78' lang='lat' dir='ltr'>Benedictus</span> <span class='ocrx_word' id='word_1_17' title='bbox 796 745 860 790; x_wconf 92' lang='lat' dir='ltr'>non</span> <span class='ocrx_word' id='word_1_18' title='bbox 891 726 934 791; x_wconf 90' lang='lat' dir='ltr'>sit</span> <span class='ocrx_word' id='word_1_19' title='bbox 955 723 1032 789; x_wconf 85' lang='lat' dir='ltr'>Loci</span> <span class='ocrx_word' id='word_1_20' title='bbox 1055 725 1224 791; x_wconf 81' lang='lat' dir='ltr'><strong>Patronus.</strong></span> <span class='ocrx_word' id='word_1_21' title='bbox 1254 724 1335 790; x_wconf 80' lang='lat' dir='ltr'>dovol.</span> 
     </span>
     <span class='ocr_line' id='line_1_4' title="bbox 380 813 1354 900; baseline 0 -21"><span class='ocrx_word' id='word_1_22' title='bbox 380 814 430 879; x_wconf 79' lang='lat' dir='ltr'>cit.</span> <span class='ocrx_word' id='word_1_23' title='bbox 454 836 484 879; x_wconf 74' lang='lat' dir='ltr'>a.</span> <span class='ocrx_word' id='word_1_24' title='bbox 510 814 598 878; x_wconf 87' lang='lat' dir='ltr'>lbet</span> <span class='ocrx_word' id='word_1_25' title='bbox 622 813 673 879; x_wconf 62' lang='lat' dir='ltr'>lb.</span> <span class='ocrx_word' id='word_1_26' title='bbox 699 814 799 879; x_wconf 80' lang='lat' dir='ltr'>Porro</span> <span class='ocrx_word' id='word_1_27' title='bbox 822 815 855 879; x_wconf 94' lang='lat' dir='ltr'>in</span> <span class='ocrx_word' id='word_1_28' title='bbox 878 814 941 879; x_wconf 92' lang='lat' dir='ltr'>hoc</span> <span class='ocrx_word' id='word_1_29' title='bbox 964 834 1039 878; x_wconf 90' lang='lat' dir='ltr'>casu</span> <span class='ocrx_word' id='word_1_30' title='bbox 1064 813 1197 880; x_wconf 88' lang='lat' dir='ltr'>Festum</span> <span class='ocrx_word' id='word_1_31' title='bbox 1219 814 1311 900; x_wconf 85' lang='lat' dir='ltr'>pridie</span> <span class='ocrx_word' id='word_1_32' title='bbox 1326 833 1354 879; x_wconf 81' lang='lat' dir='ltr'>c</span> 
     </span>
     <span class='ocr_line' id='line_1_5' title="bbox 381 900 1362 990; baseline 0 -23"><span class='ocrx_word' id='word_1_33' title='bbox 381 900 636 969; x_wconf 87' lang='lat' dir='ltr'>annuntiandum</span> <span class='ocrx_word' id='word_1_34' title='bbox 658 904 692 968; x_wconf 91' lang='lat' dir='ltr'>in</span> <span class='ocrx_word' id='word_1_35' title='bbox 707 902 934 990; x_wconf 82' lang='lat' dir='ltr'>Martyrologio</span> <span class='ocrx_word' id='word_1_36' title='bbox 959 910 1124 989; x_wconf 87' lang='lat' dir='ltr'>tamquam</span> <span class='ocrx_word' id='word_1_37' title='bbox 1149 902 1200 969; x_wconf 93' lang='lat' dir='ltr'>dic</span> <span class='ocrx_word' id='word_1_38' title='bbox 1223 902 1362 990; x_wconf 78' lang='lat' dir='ltr'>propriai</span> 
     </span>
     <span class='ocr_line' id='line_1_6' title="bbox 380 990 1356 1079; baseline 0 -23"><span class='ocrx_word' id='word_1_39' title='bbox 380 999 508 1076; x_wconf 86' lang='lat' dir='ltr'>temque</span> <span class='ocrx_word' id='word_1_40' title='bbox 533 1011 605 1056; x_wconf 91' lang='lat' dir='ltr'>cum</span> <span class='ocrx_word' id='word_1_41' title='bbox 628 990 747 1058; x_wconf 88' lang='lat' dir='ltr'>Octava</span> <span class='ocrx_word' id='word_1_42' title='bbox 771 992 1009 1067; x_wconf 86' lang='lat' dir='ltr'>celebrandum,</span> <span class='ocrx_word' id='word_1_43' title='bbox 1033 992 1087 1056; x_wconf 93' lang='lat' dir='ltr'>uhi</span> <span class='ocrx_word' id='word_1_44' title='bbox 1111 1012 1227 1079; x_wconf 88' lang='lat' dir='ltr'>nempe</span> <span class='ocrx_word' id='word_1_45' title='bbox 1249 991 1280 1056; x_wconf 87' lang='lat' dir='ltr'>S.</span> <span class='ocrx_word' id='word_1_46' title='bbox 1294 991 1356 1057; x_wconf 60' lang='lat' dir='ltr'>Abu&gt;</span> 
     </span>
     <span class='ocr_line' id='line_1_7' title="bbox 383 1079 1353 1166; baseline 0.002 -23"><span class='ocrx_word' id='word_1_47' title='bbox 383 1079 425 1144; x_wconf 87' lang='lat' dir='ltr'>sit</span> <span class='ocrx_word' id='word_1_48' title='bbox 441 1081 621 1166; x_wconf 78' lang='lat' dir='ltr'>precipuus</span> <span class='ocrx_word' id='word_1_49' title='bbox 645 1081 719 1146; x_wconf 84' lang='lat' dir='ltr'>Loci</span> <span class='ocrx_word' id='word_1_50' title='bbox 736 1081 894 1147; x_wconf 80' lang='lat' dir='ltr'><strong>Patronus</strong></span> <span class='ocrx_word' id='word_1_51' title='bbox 918 1081 966 1146; x_wconf 83' lang='lat' dir='ltr'>uel</span> <span class='ocrx_word' id='word_1_52' title='bbox 983 1080 1138 1146; x_wconf 85' lang='lat' dir='ltr'>Titularis</span> <span class='ocrx_word' id='word_1_53' title='bbox 1161 1101 1234 1146; x_wconf 88' lang='lat' dir='ltr'>cum</span> <span class='ocrx_word' id='word_1_54' title='bbox 1257 1080 1353 1146; x_wconf 89' lang='lat' dir='ltr'>Festo</span> 
     </span>
     <span class='ocr_line' id='line_1_8' title="bbox 381 1168 864 1235; baseline 0.004 -2"><span class='ocrx_word' id='word_1_55' title='bbox 381 1168 476 1234; x_wconf 88' lang='lat' dir='ltr'>Foro.</span> <span class='ocrx_word' id='word_1_56' title='bbox 503 1169 608 1234; x_wconf 83' lang='lat' dir='ltr'>Coocl.</span> <span class='ocrx_word' id='word_1_57' title='bbox 633 1169 653 1234; x_wconf 89' lang='lat' dir='ltr'>l.</span> <span class='ocrx_word' id='word_1_58' title='bbox 678 1169 731 1234; x_wconf 79' lang='lat' dir='ltr'>cit.</span> <span class='ocrx_word' id='word_1_59' title='bbox 755 1192 785 1234; x_wconf 82' lang='lat' dir='ltr'>o.</span> <span class='ocrx_word' id='word_1_60' title='bbox 813 1171 864 1235; x_wconf 79' lang='lat' dir='ltr'>lb.</span> 
     </span>
     <span class='ocr_line' id='line_1_9' title="bbox 339 1255 1351 1345; baseline 0.002 -26"><span class='ocrx_word' id='word_1_61' title='bbox 339 1255 392 1322; x_wconf 62' lang='lat'>⁸25.</span> <span class='ocrx_word' id='word_1_62' title='bbox 415 1295 460 1306; x_wconf 95' lang='lat'>—</span> <span class='ocrx_word' id='word_1_63' title='bbox 482 1257 612 1323; x_wconf 88' lang='lat' dir='ltr'>Festum</span> <span class='ocrx_word' id='word_1_64' title='bbox 641 1258 673 1323; x_wconf 89' lang='lat' dir='ltr'>S.</span> <span class='ocrx_word' id='word_1_65' title='bbox 698 1258 785 1323; x_wconf 89' lang='lat' dir='ltr'>Petri</span> <span class='ocrx_word' id='word_1_66' title='bbox 807 1258 953 1324; x_wconf 84' lang='lat' dir='ltr'>Damiani</span> <span class='ocrx_word' id='word_1_67' title='bbox 981 1258 1132 1345; x_wconf 79' lang='lat' dir='ltr'>llpiscopi</span> <span class='ocrx_word' id='word_1_68' title='bbox 1156 1266 1189 1324; x_wconf 90' lang='lat' dir='ltr'>et</span> <span class='ocrx_word' id='word_1_69' title='bbox 1212 1256 1351 1323; x_wconf 79' lang='lat' dir='ltr'>Coniess·</span> 
     </span>
     <span class='ocr_line' id='line_1_10' title="bbox 383 1344 1354 1413; baseline -0.001 -3"><span class='ocrx_word' id='word_1_70' title='bbox 383 1354 549 1412; x_wconf 82' lang='lat' dir='ltr'>extensum</span> <span class='ocrx_word' id='word_1_71' title='bbox 573 1355 621 1411; x_wconf 90' lang='lat' dir='ltr'>est</span> <span class='ocrx_word' id='word_1_72' title='bbox 645 1346 685 1411; x_wconf 92' lang='lat' dir='ltr'>ad</span> <span class='ocrx_word' id='word_1_73' title='bbox 708 1354 810 1412; x_wconf 89' lang='lat' dir='ltr'>totam</span> <span class='ocrx_word' id='word_1_74' title='bbox 832 1348 1009 1413; x_wconf 78' lang='lat' dir='ltr'>Ecclesiam</span> <span class='ocrx_word' id='word_1_75' title='bbox 1033 1368 1105 1412; x_wconf 92' lang='lat' dir='ltr'>cum</span> <span class='ocrx_word' id='word_1_76' title='bbox 1124 1345 1238 1411; x_wconf 78' lang='lat' dir='ltr'>(illicio</span> <span class='ocrx_word' id='word_1_77' title='bbox 1261 1355 1291 1411; x_wconf 92' lang='lat' dir='ltr'>et</span> <span class='ocrx_word' id='word_1_78' title='bbox 1309 1344 1354 1410; x_wconf 74' lang='lat' dir='ltr'>lte</span> 
     </span>
     <span class='ocr_line' id='line_1_11' title="bbox 383 1434 1341 1522; baseline 0 -23"><span class='ocrx_word' id='word_1_79' title='bbox 383 1434 422 1500; x_wconf 94' lang='lat' dir='ltr'>de</span> <span class='ocrx_word' id='word_1_80' title='bbox 447 1434 614 1501; x_wconf 83' lang='lat' dir='ltr'>Communi</span> <span class='ocrx_word' id='word_1_81' title='bbox 637 1435 830 1508; x_wconf 82' lang='lat' dir='ltr'>Doctorum:</span> <span class='ocrx_word' id='word_1_82' title='bbox 855 1435 912 1502; x_wconf 90' lang='lat' dir='ltr'>sed</span> <span class='ocrx_word' id='word_1_83' title='bbox 936 1437 1103 1522; x_wconf 82' lang='lat' dir='ltr'>Lectiones</span> <span class='ocrx_word' id='word_1_84' title='bbox 1135 1436 1234 1522; x_wconf 90' lang='lat' dir='ltr'>primi</span> <span class='ocrx_word' id='word_1_85' title='bbox 1256 1435 1341 1501; x_wconf 89' lang='lat' dir='ltr'>Noctu</span> 
     </span>
     <span class='ocr_line' id='line_1_12' title="bbox 383 1524 1348 1611; baseline 0 -23"><span class='ocrx_word' id='word_1_86' title='bbox 383 1532 459 1589; x_wconf 91' lang='lat' dir='ltr'>sunt</span> <span class='ocrx_word' id='word_1_87' title='bbox 482 1525 520 1591; x_wconf 92' lang='lat' dir='ltr'>de</span> <span class='ocrx_word' id='word_1_88' title='bbox 544 1524 710 1610; x_wconf 86' lang='lat' dir='ltr'>Scriptura</span> <span class='ocrx_word' id='word_1_89' title='bbox 733 1533 940 1602; x_wconf 88' lang='lat' dir='ltr'>occurrente,</span> <span class='ocrx_word' id='word_1_90' title='bbox 964 1534 996 1591; x_wconf 91' lang='lat' dir='ltr'>et</span> <span class='ocrx_word' id='word_1_91' title='bbox 1019 1524 1151 1590; x_wconf 92' lang='lat' dir='ltr'>secundi</span> <span class='ocrx_word' id='word_1_92' title='bbox 1176 1526 1310 1611; x_wconf 78' lang='lat' dir='ltr'>proprie</span> <span class='ocrx_word' id='word_1_93' title='bbox 1328 1542 1348 1586; x_wconf 84' lang='lat' dir='ltr'>u</span> 
     </span>
     <span class='ocr_line' id='line_1_13' title="bbox 384 1611 1366 1701; baseline -0.002 -24"><span class='ocrx_word' id='word_1_94' title='bbox 384 1611 536 1680; x_wconf 84' lang='lat' dir='ltr'>Oratione</span> <span class='ocrx_word' id='word_1_95' title='bbox 566 1614 644 1679; x_wconf 92' lang='lat' dir='ltr'>item</span> <span class='ocrx_word' id='word_1_96' title='bbox 675 1615 814 1700; x_wconf 85' lang='lat' dir='ltr'>propria.</span> <span class='ocrx_word' id='word_1_97' title='bbox 839 1615 871 1680; x_wconf 90' lang='lat' dir='ltr'>S.</span> <span class='ocrx_word' id='word_1_98' title='bbox 895 1614 931 1680; x_wconf 87' lang='lat' dir='ltr'>R.</span> <span class='ocrx_word' id='word_1_99' title='bbox 959 1614 990 1681; x_wconf 82' lang='grc' dir='ltr'>Ο.</span> <span class='ocrx_word' id='word_1_100' title='bbox 1015 1614 1057 1678; x_wconf 73' lang='lat'>27</span> <span class='ocrx_word' id='word_1_101' title='bbox 1090 1614 1175 1701; x_wconf 85' lang='lat' dir='ltr'>Sept.</span> <span class='ocrx_word' id='word_1_102' title='bbox 1202 1613 1288 1679; x_wconf 73' lang='lat' dir='ltr'>tent</span> <span class='ocrx_word' id='word_1_103' title='bbox 1313 1611 1366 1677; x_wconf 80' lang='lat' dir='ltr'>Fer</span> 
     </span>
     <span class='ocr_line' id='line_1_14' title="bbox 386 1699 1369 1780; baseline 0.001 -15"><span class='ocrx_word' id='word_1_104' title='bbox 386 1699 476 1766; x_wconf 80' lang='lat' dir='ltr'>Urbis</span> <span class='ocrx_word' id='word_1_105' title='bbox 499 1713 527 1767; x_wconf 89' lang='lat' dir='ltr'>ct</span> <span class='ocrx_word' id='word_1_106' title='bbox 553 1703 651 1780; x_wconf 74' lang='lat' dir='ltr'>Orbis.</span> <span class='ocrx_word' id='word_1_107' title='bbox 667 1702 703 1767; x_wconf 90' lang='lat' dir='ltr'>In</span> <span class='ocrx_word' id='word_1_108' title='bbox 727 1704 824 1769; x_wconf 82' lang='lat' dir='ltr'>Missa</span> <span class='ocrx_word' id='word_1_109' title='bbox 847 1703 963 1769; x_wconf 87' lang='lat' dir='ltr'>dicitur</span> <span class='ocrx_word' id='word_1_110' title='bbox 982 1701 1090 1769; x_wconf 81' lang='lat' dir='ltr'>Crede.</span> <span class='ocrx_word' id='word_1_111' title='bbox 1109 1702 1159 1768; x_wconf 83' lang='lat' dir='ltr'>lta</span> <span class='ocrx_word' id='word_1_112' title='bbox 1176 1702 1298 1767; x_wconf 77' lang='lat' dir='ltr'>Missole</span> <span class='ocrx_word' id='word_1_113' title='bbox 1316 1700 1344 1765; x_wconf 83' lang='lat' dir='ltr'>lb</span> <span class='ocrx_word' id='word_1_114' title='bbox 1359 1725 1369 1751; x_wconf 72' lang='grc' dir='ltr'>ι</span> 
     </span>
     <span class='ocr_line' id='line_1_15' title="bbox 384 1790 1364 1878; baseline 0 -25"><span class='ocrx_word' id='word_1_115' title='bbox 384 1790 524 1877; x_wconf 71' lang='lat' dir='ltr'>typicum</span> <span class='ocrx_word' id='word_1_116' title='bbox 539 1791 649 1855; x_wconf 83' lang='lat' dir='ltr'>Romoe</span> <span class='ocrx_word' id='word_1_117' title='bbox 672 1792 744 1857; x_wconf 83' lang='lat' dir='ltr'>edit.</span> <span class='ocrx_word' id='word_1_118' title='bbox 761 1814 812 1858; x_wconf 86' lang='lat' dir='ltr'>on.</span> <span class='ocrx_word' id='word_1_119' title='bbox 837 1791 933 1858; x_wconf 80' lang='lat' dir='ltr'>leot.</span> <span class='ocrx_word' id='word_1_120' title='bbox 951 1792 1042 1878; x_wconf 89' lang='lat' dir='ltr'>Apud</span> <span class='ocrx_word' id='word_1_121' title='bbox 1066 1812 1125 1856; x_wconf 93' lang='lat' dir='ltr'>nos</span> <span class='ocrx_word' id='word_1_122' title='bbox 1150 1790 1211 1856; x_wconf 93' lang='lat' dir='ltr'>hac</span> <span class='ocrx_word' id='word_1_123' title='bbox 1234 1792 1283 1856; x_wconf 91' lang='lat' dir='ltr'>die</span> <span class='ocrx_word' id='word_1_124' title='bbox 1303 1790 1341 1873; x_wconf 80' lang='lat' dir='ltr'>agi</span> <span class='ocrx_word' id='word_1_125' title='bbox 1356 1814 1364 1842; x_wconf 86' lang='grc' dir='ltr'>ι</span> 
     </span>
     <span class='ocr_line' id='line_1_16' title="bbox 384 1879 1359 1968; baseline 0.001 -26"><span class='ocrx_word' id='word_1_126' title='bbox 384 1885 496 1964; x_wconf 79' lang='lat' dir='ltr'>utpote</span> <span class='ocrx_word' id='word_1_127' title='bbox 512 1880 615 1966; x_wconf 91' lang='lat' dir='ltr'>prima</span> <span class='ocrx_word' id='word_1_128' title='bbox 639 1901 702 1945; x_wconf 90' lang='lat' dir='ltr'>non</span> <span class='ocrx_word' id='word_1_129' title='bbox 725 1879 877 1967; x_wconf 82' lang='lat' dir='ltr'>impedita</span> <span class='ocrx_word' id='word_1_130' title='bbox 895 1888 967 1968; x_wconf 89' lang='lat' dir='ltr'>post</span> <span class='ocrx_word' id='word_1_131' title='bbox 984 1881 1067 1946; x_wconf 88' lang='lat' dir='ltr'>diem</span> <span class='ocrx_word' id='word_1_132' title='bbox 1087 1879 1129 1945; x_wconf 68' lang='lat'>25</span> <span class='ocrx_word' id='word_1_133' title='bbox 1149 1879 1318 1954; x_wconf 82' lang='lat' dir='ltr'>Februarii,</span> <span class='ocrx_word' id='word_1_134' title='bbox 1358 1932 1359 1935; x_wconf 63' lang='lat'>,</span> 
     </span>
     <span class='ocr_line' id='line_1_17' title="bbox 385 1968 1359 2056; baseline 0.001 -25"><span class='ocrx_word' id='word_1_135' title='bbox 385 1986 500 2053; x_wconf 88' lang='lat' dir='ltr'>nempe</span> <span class='ocrx_word' id='word_1_136' title='bbox 524 1989 583 2054; x_wconf 92' lang='lat' dir='ltr'>pro</span> <span class='ocrx_word' id='word_1_137' title='bbox 607 1968 750 2035; x_wconf 83' lang='lat' dir='ltr'>Ecclesia</span> <span class='ocrx_word' id='word_1_138' title='bbox 776 1971 949 2036; x_wconf 90' lang='lat' dir='ltr'>universali</span> <span class='ocrx_word' id='word_1_139' title='bbox 973 1968 1153 2056; x_wconf 80' lang='lat' dir='ltr'>prastitnta</span> <span class='ocrx_word' id='word_1_140' title='bbox 1178 1977 1250 2046; x_wconf 90' lang='lat' dir='ltr'>cst,</span> <span class='ocrx_word' id='word_1_141' title='bbox 1280 1987 1359 2053; x_wconf 69' lang='lat' dir='ltr'>quen</span> 
     </span>
     <span class='ocr_line' id='line_1_18' title="bbox 385 2056 1371 2209; baseline -0.001 -87"><span class='ocrx_word' id='word_1_142' title='bbox 385 2056 418 2209; x_wconf 66' lang='lat' dir='ltr'>ilp</span> <span class='ocrx_word' id='word_1_143' title='bbox 442 2066 553 2123; x_wconf 90' lang='lat' dir='ltr'>nostro</span> <span class='ocrx_word' id='word_1_144' title='bbox 577 2058 769 2124; x_wconf 87' lang='lat' dir='ltr'>Kalendario</span> <span class='ocrx_word' id='word_1_145' title='bbox 793 2067 969 2146; x_wconf 86' lang='lat' dir='ltr'>occupatur</span> <span class='ocrx_word' id='word_1_146' title='bbox 991 2059 1030 2124; x_wconf 93' lang='lat' dir='ltr'>ab</span> <span class='ocrx_word' id='word_1_147' title='bbox 1054 2056 1166 2125; x_wconf 83' lang='lat' dir='ltr'>Officio</span> <span class='ocrx_word' id='word_1_148' title='bbox 1190 2057 1341 2124; x_wconf 79' lang='lat' dir='ltr'>Cathedre</span> <span class='ocrx_word' id='word_1_149' title='bbox 1359 2058 1371 2085; x_wconf 66' lang='lat'>‘⁴</span> 
     </span>
     <span class='ocr_line' id='line_1_19' title="bbox 414 2146 656 2233; baseline 0.004 -23"><span class='ocrx_word' id='word_1_150' title='bbox 414 2146 476 2211; x_wconf 90' lang='lat' dir='ltr'>etri</span> <span class='ocrx_word' id='word_1_151' title='bbox 498 2148 656 2233; x_wconf 91' lang='lat' dir='ltr'>Apostoli.</span> 
     </span>
     <span class='ocr_line' id='line_1_20' title="bbox 229 2229 1369 2320; baseline -0.003 -20"><span class='ocrx_word' id='word_1_152' title='bbox 229 2307 230 2310; x_wconf 8' lang='grc' dir='ltr'><strong>Ἴ</strong></span> <span class='ocrx_word' id='word_1_153' title='bbox 342 2229 393 2299; x_wconf 68' lang='lat'>211.</span> <span class='ocrx_word' id='word_1_154' title='bbox 419 2273 464 2284; x_wconf 96' lang='lat'>—</span> <span class='ocrx_word' id='word_1_155' title='bbox 486 2235 510 2301; x_wconf 95' lang='grc' dir='ltr'>Ι.</span> <span class='ocrx_word' id='word_1_156' title='bbox 536 2234 799 2320; x_wconf 81' lang='lat' dir='ltr'>Quandoquidem</span> <span class='ocrx_word' id='word_1_157' title='bbox 821 2236 952 2302; x_wconf 84' lang='lat' dir='ltr'>Festum</span> <span class='ocrx_word' id='word_1_158' title='bbox 976 2234 1007 2301; x_wconf 91' lang='lat' dir='ltr'>S.</span> <span class='ocrx_word' id='word_1_159' title='bbox 1033 2234 1194 2301; x_wconf 83' lang='lat' dir='ltr'>Gabrielis</span> <span class='ocrx_word' id='word_1_160' title='bbox 1220 2234 1333 2301; x_wconf 89' lang='lat' dir='ltr'>Archau</span> <span class='ocrx_word' id='word_1_161' title='bbox 1354 2241 1369 2284; x_wconf 76' lang='grc' dir='ltr'>ι’</span> 
     </span>
     <span class='ocr_line' id='line_1_21' title="bbox 383 2324 1359 2411; baseline -0.003 -23"><span class='ocrx_word' id='word_1_162' title='bbox 383 2332 473 2390; x_wconf 88' lang='lat' dir='ltr'>caret</span> <span class='ocrx_word' id='word_1_163' title='bbox 505 2324 655 2391; x_wconf 90' lang='lat' dir='ltr'>secundis</span> <span class='ocrx_word' id='word_1_164' title='bbox 678 2324 849 2411; x_wconf 82' lang='lat' dir='ltr'>Vesperis,</span> <span class='ocrx_word' id='word_1_165' title='bbox 881 2325 1042 2411; x_wconf 88' lang='lat' dir='ltr'>impeditis</span> <span class='ocrx_word' id='word_1_166' title='bbox 1073 2326 1200 2389; x_wconf 87' lang='lat' dir='ltr'>scilicet</span> <span class='ocrx_word' id='word_1_167' title='bbox 1225 2344 1243 2389; x_wconf 92' lang='lat' dir='ltr'>a</span> <span class='ocrx_word' id='word_1_168' title='bbox 1266 2339 1359 2407; x_wconf 84' lang='lat' dir='ltr'>seque</span> 
     </span>
     <span class='ocr_line' id='line_1_22' title="bbox 329 2409 1342 2501; baseline -0.001 -23"><span class='ocrx_word' id='word_1_169' title='bbox 329 2495 331 2501; x_wconf 22' lang='grc' dir='ltr'>Ι</span> <span class='ocrx_word' id='word_1_170' title='bbox 383 2412 480 2480; x_wconf 89' lang='lat' dir='ltr'>Festo</span> <span class='ocrx_word' id='word_1_171' title='bbox 504 2414 785 2492; x_wconf 86' lang='lat' dir='ltr'>Annuntiationis,</span> <span class='ocrx_word' id='word_1_172' title='bbox 816 2413 936 2480; x_wconf 90' lang='lat' dir='ltr'>idcirco</span> <span class='ocrx_word' id='word_1_173' title='bbox 960 2413 1101 2480; x_wconf 82' lang='lat' dir='ltr'>Robrica</span> <span class='ocrx_word' id='word_1_174' title='bbox 1132 2414 1238 2480; x_wconf 88' lang='lat' dir='ltr'>nostri</span> <span class='ocrx_word' id='word_1_175' title='bbox 1261 2409 1342 2479; x_wconf 82' lang='lat' dir='ltr'>Bre‘</span> 
     </span>
     <span class='ocr_line' id='line_1_23' title="bbox 384 2499 1362 2590; baseline -0.003 -24"><span class='ocrx_word' id='word_1_176' title='bbox 384 2503 419 2569; x_wconf 87' lang='lat' dir='ltr'>in</span> <span class='ocrx_word' id='word_1_177' title='bbox 441 2504 529 2569; x_wconf 90' lang='lat' dir='ltr'>illius</span> <span class='ocrx_word' id='word_1_178' title='bbox 553 2505 664 2590; x_wconf 88' lang='lat' dir='ltr'>primis</span> <span class='ocrx_word' id='word_1_179' title='bbox 687 2503 836 2590; x_wconf 89' lang='lat' dir='ltr'>Vesperis</span> <span class='ocrx_word' id='word_1_180' title='bbox 867 2504 1049 2590; x_wconf 76' lang='lat' dir='ltr'>praescrihit</span> <span class='ocrx_word' id='word_1_181' title='bbox 1071 2512 1108 2568; x_wconf 93' lang='lat' dir='ltr'>ut</span> <span class='ocrx_word' id='word_1_182' title='bbox 1131 2503 1259 2570; x_wconf 91' lang='lat' dir='ltr'>dicatur</span> <span class='ocrx_word' id='word_1_183' title='bbox 1280 2499 1362 2575; x_wconf 74' lang='grc' dir='ltr'>ιιίῑίιιΙ</span> 
     </span>
     <span class='ocr_line' id='line_1_24' title="bbox 385 2591 1359 2680; baseline -0.002 -24"><span class='ocrx_word' id='word_1_184' title='bbox 385 2591 533 2659; x_wconf 89' lang='lat' dir='ltr'>Psalmus</span> <span class='ocrx_word' id='word_1_185' title='bbox 560 2593 732 2680; x_wconf 76' lang='lat' dir='ltr'>Confitebor</span> <span class='ocrx_word' id='word_1_186' title='bbox 754 2613 792 2658; x_wconf 88' lang='lat' dir='ltr'>ex</span> <span class='ocrx_word' id='word_1_187' title='bbox 815 2593 964 2658; x_wconf 89' lang='lat' dir='ltr'>secundis</span> <span class='ocrx_word' id='word_1_188' title='bbox 988 2591 1156 2679; x_wconf 87' lang='lat' dir='ltr'>Vesperis;</span> <span class='ocrx_word' id='word_1_189' title='bbox 1180 2613 1252 2679; x_wconf 86' lang='lat' dir='ltr'>quae</span> <span class='ocrx_word' id='word_1_190' title='bbox 1274 2591 1314 2656; x_wconf 89' lang='lat' dir='ltr'>llu</span> <span class='ocrx_word' id='word_1_191' title='bbox 1354 2621 1359 2624; x_wconf 90' lang='grc'><em>·</em></span> 
     </span>
     <span class='ocr_line' id='line_1_25' title="bbox 388 2680 1316 2769; baseline -0.006 -24"><span class='ocrx_word' id='word_1_192' title='bbox 388 2700 487 2765; x_wconf 87' lang='lat' dir='ltr'>quum</span> <span class='ocrx_word' id='word_1_193' title='bbox 511 2683 542 2746; x_wconf 90' lang='lat' dir='ltr'>in</span> <span class='ocrx_word' id='word_1_194' title='bbox 567 2684 637 2746; x_wconf 90' lang='lat' dir='ltr'>aliis</span> <span class='ocrx_word' id='word_1_195' title='bbox 660 2682 830 2747; x_wconf 85' lang='lat' dir='ltr'>Breviariis</span> <span class='ocrx_word' id='word_1_196' title='bbox 854 2683 983 2747; x_wconf 91' lang='lat' dir='ltr'>minime</span> <span class='ocrx_word' id='word_1_197' title='bbox 1006 2682 1197 2769; x_wconf 87' lang='lat' dir='ltr'>reperiatur,</span> <span class='ocrx_word' id='word_1_198' title='bbox 1222 2680 1262 2746; x_wconf 87' lang='lat' dir='ltr'>ab</span> <span class='ocrx_word' id='word_1_199' title='bbox 1283 2680 1316 2744; x_wconf 88' lang='lat' dir='ltr'>iis</span> 
     </span>
     <span class='ocr_line' id='line_1_26' title="bbox 385 2769 1358 2856; baseline -0.003 -23"><span class='ocrx_word' id='word_1_200' title='bbox 385 2769 552 2834; x_wconf 92' lang='lat' dir='ltr'>tummodo</span> <span class='ocrx_word' id='word_1_201' title='bbox 576 2778 625 2834; x_wconf 89' lang='lat' dir='ltr'>est</span> <span class='ocrx_word' id='word_1_202' title='bbox 650 2770 843 2856; x_wconf 87' lang='lat' dir='ltr'>usurpanda,</span> <span class='ocrx_word' id='word_1_203' title='bbox 867 2772 921 2856; x_wconf 88' lang='lat' dir='ltr'>qui</span> <span class='ocrx_word' id='word_1_204' title='bbox 944 2771 1107 2836; x_wconf 85' lang='lat' dir='ltr'>Breviorio</span> <span class='ocrx_word' id='word_1_205' title='bbox 1131 2779 1244 2836; x_wconf 91' lang='lat' dir='ltr'>nostro</span> <span class='ocrx_word' id='word_1_206' title='bbox 1269 2776 1358 2835; x_wconf 74' lang='lat' dir='ltr'>utun,</span> 
     </span>
     <span class='ocr_line' id='line_1_27' title="bbox 386 2855 1331 2935; baseline 0.001 -15"><span class='ocrx_word' id='word_1_207' title='bbox 386 2855 421 2920; x_wconf 90' lang='lat' dir='ltr'>Si</span> <span class='ocrx_word' id='word_1_208' title='bbox 443 2878 518 2922; x_wconf 90' lang='lat' dir='ltr'>vero</span> <span class='ocrx_word' id='word_1_209' title='bbox 542 2858 602 2923; x_wconf 91' lang='lat' dir='ltr'>hoc</span> <span class='ocrx_word' id='word_1_210' title='bbox 617 2858 748 2924; x_wconf 80' lang='lat' dir='ltr'>Festum</span> <span class='ocrx_word' id='word_1_211' title='bbox 772 2859 995 2935; x_wconf 76' lang='lat' dir='ltr'>transferatur,</span> <span class='ocrx_word' id='word_1_212' title='bbox 1013 2881 1050 2925; x_wconf 89' lang='lat' dir='ltr'>ac</span> <span class='ocrx_word' id='word_1_213' title='bbox 1074 2859 1113 2924; x_wconf 91' lang='lat' dir='ltr'>de</span> <span class='ocrx_word' id='word_1_214' title='bbox 1136 2879 1175 2924; x_wconf 88' lang='lat' dir='ltr'>eo</span> <span class='ocrx_word' id='word_1_215' title='bbox 1192 2856 1313 2925; x_wconf 89' lang='lat' dir='ltr'>recitari</span> <span class='ocrx_word' id='word_1_216' title='bbox 1329 2882 1331 2908; x_wconf 90' lang='grc' dir='ltr'>ι</span> 
     </span>
     <span class='ocr_line' id='line_1_28' title="bbox 365 2941 1357 3035; baseline 0.001 -27"><span class='ocrx_word' id='word_1_217' title='bbox 365 2964 450 3028; x_wconf 54' lang='lat' dir='ltr'>&gt;qne</span> <span class='ocrx_word' id='word_1_218' title='bbox 474 2948 638 3031; x_wconf 77' lang='lat' dir='ltr'>contingat</span> <span class='ocrx_word' id='word_1_219' title='bbox 662 2948 819 3014; x_wconf 87' lang='lat' dir='ltr'>secundas</span> <span class='ocrx_word' id='word_1_220' title='bbox 842 2947 1022 3035; x_wconf 90' lang='lat' dir='ltr'>Vesperas,</span> <span class='ocrx_word' id='word_1_221' title='bbox 1046 2956 1123 3014; x_wconf 89' lang='lat' dir='ltr'>tunc</span> <span class='ocrx_word' id='word_1_222' title='bbox 1147 2948 1180 3014; x_wconf 91' lang='lat' dir='ltr'>in</span> <span class='ocrx_word' id='word_1_223' title='bbox 1203 2947 1308 3034; x_wconf 88' lang='lat' dir='ltr'>primis</span> <span class='ocrx_word' id='word_1_224' title='bbox 1329 2941 1357 2995; x_wconf 71' lang='grc' dir='ltr'>ι’</span> 
     </span>
     <span class='ocr_line' id='line_1_29' title="bbox 387 3035 1336 3105; baseline -0.002 -6"><span class='ocrx_word' id='word_1_225' title='bbox 387 3053 460 3099; x_wconf 92' lang='lat' dir='ltr'>mus</span> <span class='ocrx_word' id='word_1_226' title='bbox 482 3035 629 3100; x_wconf 90' lang='lat' dir='ltr'>Psalmus</span> <span class='ocrx_word' id='word_1_227' title='bbox 653 3037 878 3105; x_wconf 77' lang='lat' dir='ltr'>erithoudote</span> <span class='ocrx_word' id='word_1_228' title='bbox 900 3036 1066 3102; x_wconf 82' lang='lat' dir='ltr'>Dominum</span> <span class='ocrx_word' id='word_1_229' title='bbox 1092 3059 1199 3102; x_wconf 85' lang='lat' dir='ltr'>omnes</span> <span class='ocrx_word' id='word_1_230' title='bbox 1224 3036 1336 3101; x_wconf 80' lang='lat' dir='ltr'>Gentes</span> 
     </span>
     <span class='ocr_line' id='line_1_30' title="bbox 386 3110 1367 3202; baseline -0.001 -16"><span class='ocrx_word' id='word_1_231' title='bbox 386 3121 483 3188; x_wconf 82' lang='lat' dir='ltr'>Rubr.</span> <span class='ocrx_word' id='word_1_232' title='bbox 507 3123 559 3189; x_wconf 78' lang='lat' dir='ltr'>ibi.</span> <span class='ocrx_word' id='word_1_233' title='bbox 584 3126 632 3190; x_wconf 89' lang='lat' dir='ltr'>An</span> <span class='ocrx_word' id='word_1_234' title='bbox 656 3124 687 3190; x_wconf 89' lang='lat' dir='ltr'>S.</span> <span class='ocrx_word' id='word_1_235' title='bbox 713 3123 861 3202; x_wconf 87' lang='lat' dir='ltr'>Gabriel,</span> <span class='ocrx_word' id='word_1_236' title='bbox 895 3126 949 3192; x_wconf 90' lang='lat' dir='ltr'>ubi</span> <span class='ocrx_word' id='word_1_237' title='bbox 973 3127 1091 3192; x_wconf 90' lang='lat' dir='ltr'>colitur</span> <span class='ocrx_word' id='word_1_238' title='bbox 1114 3127 1175 3191; x_wconf 92' lang='lat' dir='ltr'>sub</span> <span class='ocrx_word' id='word_1_239' title='bbox 1207 3126 1270 3191; x_wconf 89' lang='lat' dir='ltr'>ritu</span> <span class='ocrx_word' id='word_1_240' title='bbox 1290 3110 1367 3202; x_wconf 82' lang='lat' dir='ltr'>dni</span> 
     </span>
     <span class='ocr_line' id='line_1_31' title="bbox 386 3211 1351 3303; baseline -0.002 -26"><span class='ocrx_word' id='word_1_241' title='bbox 386 3211 514 3288; x_wconf 90' lang='lat' dir='ltr'>minori,</span> <span class='ocrx_word' id='word_1_242' title='bbox 537 3215 758 3303; x_wconf 78' lang='lat' dir='ltr'>praelationem</span> <span class='ocrx_word' id='word_1_243' title='bbox 781 3215 925 3280; x_wconf 89' lang='lat' dir='ltr'>obtineat</span> <span class='ocrx_word' id='word_1_244' title='bbox 947 3234 1043 3300; x_wconf 88' lang='lat' dir='ltr'>supra</span> <span class='ocrx_word' id='word_1_245' title='bbox 1068 3215 1130 3280; x_wconf 90' lang='lat' dir='ltr'>alia</span> <span class='ocrx_word' id='word_1_246' title='bbox 1152 3214 1249 3280; x_wconf 89' lang='lat' dir='ltr'>Festa</span> <span class='ocrx_word' id='word_1_247' title='bbox 1270 3211 1309 3298; x_wconf 80' lang='lat' dir='ltr'>eju</span> <span class='ocrx_word' id='word_1_248' title='bbox 1326 3227 1351 3257; x_wconf 60' lang='lat' dir='ltr'>r</span> 
     </span>
     <span class='ocr_line' id='line_1_32' title="bbox 389 3301 1114 3379; baseline 0 -13"><span class='ocrx_word' id='word_1_249' title='bbox 389 3301 482 3379; x_wconf 91' lang='lat' dir='ltr'>ritus,</span> <span class='ocrx_word' id='word_1_250' title='bbox 506 3301 578 3367; x_wconf 90' lang='lat' dir='ltr'>vide</span> <span class='ocrx_word' id='word_1_251' title='bbox 601 3325 629 3369; x_wconf 89' lang='lat' dir='ltr'>c.</span> <span class='ocrx_word' id='word_1_252' title='bbox 652 3304 674 3368; x_wconf 78' lang='lat' dir='ltr'>t</span> <span class='ocrx_word' id='word_1_253' title='bbox 697 3324 728 3368; x_wconf 92' lang='lat' dir='ltr'>n.</span> <span class='ocrx_word' id='word_1_254' title='bbox 754 3303 773 3367; x_wconf 77' lang='lat'>5</span> <span class='ocrx_word' id='word_1_255' title='bbox 797 3311 829 3368; x_wconf 88' lang='lat' dir='ltr'>et</span> <span class='ocrx_word' id='word_1_256' title='bbox 852 3324 879 3368; x_wconf 93' lang='lat' dir='ltr'>c.</span> <span class='ocrx_word' id='word_1_257' title='bbox 905 3304 923 3367; x_wconf 86' lang='lat'>5</span> <span class='ocrx_word' id='word_1_258' title='bbox 947 3325 978 3368; x_wconf 93' lang='lat' dir='ltr'>n.</span> <span class='ocrx_word' id='word_1_259' title='bbox 1002 3303 1023 3368; x_wconf 71' lang='lat' dir='ltr'>h</span> <span class='ocrx_word' id='word_1_260' title='bbox 1046 3303 1114 3368; x_wconf 85' lang='lat' dir='ltr'>lll.⁰</span> 
     </span>
    </p>

    <p class='ocr_par' dir='ltr' id='par_1_3' title="bbox 386 3381 1381 3832">
     <span class='ocr_line' id='line_1_33' title="bbox 431 3381 1352 3476; baseline -0.002 -20"><span class='ocrx_word' id='word_1_261' title='bbox 431 3390 469 3457; x_wconf 89' lang='lat' dir='ltr'>ll.</span> <span class='ocrx_word' id='word_1_262' title='bbox 487 3390 523 3456; x_wconf 91' lang='lat' dir='ltr'>Iu</span> <span class='ocrx_word' id='word_1_263' title='bbox 541 3389 791 3476; x_wconf 85' lang='lat' dir='ltr'>Quadragesima</span> <span class='ocrx_word' id='word_1_264' title='bbox 809 3412 846 3457; x_wconf 85' lang='lat' dir='ltr'>ex</span> <span class='ocrx_word' id='word_1_265' title='bbox 862 3399 974 3457; x_wconf 89' lang='lat' dir='ltr'>octava</span> <span class='ocrx_word' id='word_1_266' title='bbox 991 3400 1023 3457; x_wconf 90' lang='lat' dir='ltr'>et</span> <span class='ocrx_word' id='word_1_267' title='bbox 1038 3411 1122 3457; x_wconf 90' lang='lat' dir='ltr'>nona</span> <span class='ocrx_word' id='word_1_268' title='bbox 1138 3390 1283 3457; x_wconf 83' lang='lat' dir='ltr'>Lectione</span> <span class='ocrx_word' id='word_1_269' title='bbox 1294 3381 1316 3448; x_wconf 85' lang='lat' dir='ltr'>S·</span> <span class='ocrx_word' id='word_1_270' title='bbox 1332 3410 1352 3431; x_wconf 44' lang='lat'>¹*</span> 
     </span>
     <span class='ocr_line' id='line_1_34' title="bbox 386 3473 1316 3565; baseline -0.006 -21"><span class='ocrx_word' id='word_1_271' title='bbox 386 3478 498 3546; x_wconf 84' lang='lat' dir='ltr'>brielis</span> <span class='ocrx_word' id='word_1_272' title='bbox 521 3480 714 3565; x_wconf 77' lang='lat' dir='ltr'>Archangeli</span> <span class='ocrx_word' id='word_1_273' title='bbox 742 3482 835 3546; x_wconf 92' lang='lat' dir='ltr'>unica</span> <span class='ocrx_word' id='word_1_274' title='bbox 858 3480 1036 3557; x_wconf 88' lang='lat' dir='ltr'>conflatur,</span> <span class='ocrx_word' id='word_1_275' title='bbox 1068 3489 1100 3545; x_wconf 89' lang='lat' dir='ltr'>et</span> <span class='ocrx_word' id='word_1_276' title='bbox 1123 3500 1206 3545; x_wconf 90' lang='lat' dir='ltr'>nona</span> <span class='ocrx_word' id='word_1_277' title='bbox 1228 3473 1316 3544; x_wconf 78' lang='lat' dir='ltr'>tectio</span> 
     </span>
     <span class='ocr_line' id='line_1_35' title="bbox 388 3548 1381 3663; baseline -0.003 -30"><span class='ocrx_word' id='word_1_278' title='bbox 388 3567 428 3634; x_wconf 89' lang='lat' dir='ltr'>de</span> <span class='ocrx_word' id='word_1_279' title='bbox 444 3569 536 3635; x_wconf 88' lang='lat' dir='ltr'>Feria</span> <span class='ocrx_word' id='word_1_280' title='bbox 553 3578 614 3635; x_wconf 91' lang='lat' dir='ltr'>etc.</span> <span class='ocrx_word' id='word_1_281' title='bbox 631 3571 689 3636; x_wconf 92' lang='lat' dir='ltr'>Ubi</span> <span class='ocrx_word' id='word_1_282' title='bbox 713 3589 788 3634; x_wconf 91' lang='lat' dir='ltr'>vero</span> <span class='ocrx_word' id='word_1_283' title='bbox 807 3568 1020 3635; x_wconf 82' lang='lat' dir='ltr'>transferatur</span> <span class='ocrx_word' id='word_1_284' title='bbox 1043 3568 1084 3634; x_wconf 91' lang='lat' dir='ltr'>ad</span> <span class='ocrx_word' id='word_1_285' title='bbox 1108 3577 1233 3657; x_wconf 90' lang='lat' dir='ltr'>tempus</span> <span class='ocrx_word' id='word_1_286' title='bbox 1248 3548 1358 3663; x_wconf 62' lang='lat' dir='ltr'>Pastbtlb</span> <span class='ocrx_word' id='word_1_287' title='bbox 1380 3589 1381 3596; x_wconf 49' lang='lat'>¹</span> 
     </span>
     <span class='ocr_line' id='line_1_36' title="bbox 387 3642 1381 3744; baseline -0.004 -21"><span class='ocrx_word' id='word_1_288' title='bbox 387 3655 439 3742; x_wconf 73' lang='lat' dir='ltr'>dd.</span> <span class='ocrx_word' id='word_1_289' title='bbox 458 3658 567 3724; x_wconf 86' lang='lat' dir='ltr'>brevia</span> <span class='ocrx_word' id='word_1_290' title='bbox 591 3679 664 3724; x_wconf 91' lang='lat' dir='ltr'>curn</span> <span class='ocrx_word' id='word_1_291' title='bbox 678 3657 816 3744; x_wconf 79' lang='lat' dir='ltr'>Attetoja</span> <span class='ocrx_word' id='word_1_292' title='bbox 840 3667 1011 3724; x_wconf 93' lang='lat' dir='ltr'>sumuntur</span> <span class='ocrx_word' id='word_1_293' title='bbox 1033 3677 1070 3723; x_wconf 85' lang='lat' dir='ltr'>ex</span> <span class='ocrx_word' id='word_1_294' title='bbox 1087 3658 1183 3723; x_wconf 88' lang='lat' dir='ltr'>Festo</span> <span class='ocrx_word' id='word_1_295' title='bbox 1198 3646 1357 3744; x_wconf 67' lang='lat' dir='ltr'>Apparuit</span> <span class='ocrx_word' id='word_1_296' title='bbox 1379 3642 1381 3719; x_wconf 50' lang='lat' dir='ltr'>l</span> 
     </span>
     <span class='ocr_line' id='line_1_37' title="bbox 388 3741 1173 3832; baseline 0.006 -25"><span class='ocrx_word' id='word_1_297' title='bbox 388 3741 423 3808; x_wconf 88' lang='lat' dir='ltr'>S.</span> <span class='ocrx_word' id='word_1_298' title='bbox 446 3745 610 3813; x_wconf 83' lang='lat' dir='ltr'>Michaelis</span> <span class='ocrx_word' id='word_1_299' title='bbox 633 3745 826 3832; x_wconf 81' lang='lat' dir='ltr'>Archangeli</span> <span class='ocrx_word' id='word_1_300' title='bbox 849 3748 868 3813; x_wconf 87' lang='lat' dir='ltr'>n</span> <span class='ocrx_word' id='word_1_301' title='bbox 893 3746 975 3832; x_wconf 79' lang='lat' dir='ltr'>lllaji.</span> <span class='ocrx_word' id='word_1_302' title='bbox 1000 3745 1095 3812; x_wconf 82' lang='lat' dir='ltr'>Robr.</span> <span class='ocrx_word' id='word_1_303' title='bbox 1121 3746 1173 3812; x_wconf 82' lang='lat' dir='ltr'>ibi.</span> 
     </span>
    </p>

    <p class='ocr_par' dir='ltr' id='par_1_4' title="bbox 387 3820 1381 4189">
     <span class='ocr_line' id='line_1_38' title="bbox 433 3820 1381 3919; baseline 0 -24"><span class='ocrx_word' id='word_1_304' title='bbox 433 3831 487 3898; x_wconf 90' lang='lat' dir='ltr'>lll.</span> <span class='ocrx_word' id='word_1_305' title='bbox 511 3834 546 3900; x_wconf 91' lang='lat' dir='ltr'>ln</span> <span class='ocrx_word' id='word_1_306' title='bbox 571 3833 681 3902; x_wconf 83' lang='lat' dir='ltr'>Officio</span> <span class='ocrx_word' id='word_1_307' title='bbox 713 3833 746 3900; x_wconf 89' lang='lat' dir='ltr'>S.</span> <span class='ocrx_word' id='word_1_308' title='bbox 779 3834 936 3901; x_wconf 84' lang='lat' dir='ltr'>Gabrielis</span> <span class='ocrx_word' id='word_1_309' title='bbox 967 3834 1161 3919; x_wconf 76' lang='lat' dir='ltr'>Archangeli</span> <span class='ocrx_word' id='word_1_310' title='bbox 1196 3831 1234 3900; x_wconf 92' lang='lat' dir='ltr'>ad</span> <span class='ocrx_word' id='word_1_311' title='bbox 1264 3820 1381 3893; x_wconf 55' lang='lat' dir='ltr'>optarat*</span> 
     </span>
     <span class='ocr_line' id='line_1_39' title="bbox 387 3907 1354 4011; baseline 0.002 -27"><span class='ocrx_word' id='word_1_312' title='bbox 387 3915 643 3989; x_wconf 87' lang='lat' dir='ltr'>benedictionem</span> <span class='ocrx_word' id='word_1_313' title='bbox 665 3925 896 4011; x_wconf 90' lang='lat' dir='ltr'>pronunciatur</span> <span class='ocrx_word' id='word_1_314' title='bbox 921 3923 1016 4010; x_wconf 78' lang='lat' dir='ltr'>Cujus</span> <span class='ocrx_word' id='word_1_315' title='bbox 1039 3922 1168 3989; x_wconf 80' lang='lat' dir='ltr'>Festum</span> <span class='ocrx_word' id='word_1_316' title='bbox 1190 3919 1304 3988; x_wconf 73' lang='lat' dir='ltr'>colimne</span> <span class='ocrx_word' id='word_1_317' title='bbox 1320 3907 1354 3965; x_wconf 70' lang='lat'>“⁰¹</span> 
     </span>
     <span class='ocr_line' id='line_1_40' title="bbox 390 3999 1289 4088; baseline 0.004 -16"><span class='ocrx_word' id='word_1_318' title='bbox 390 4017 497 4075; x_wconf 84' lang='lat' dir='ltr'>autem</span> <span class='ocrx_word' id='word_1_319' title='bbox 523 4012 663 4088; x_wconf 83' lang='lat' dir='ltr'>Quorum</span> <span class='ocrx_word' id='word_1_320' title='bbox 685 4012 813 4078; x_wconf 83' lang='lat' dir='ltr'>Festum</span> <span class='ocrx_word' id='word_1_321' title='bbox 844 4012 973 4078; x_wconf 78' lang='lat' dir='ltr'>colimus</span> <span class='ocrx_word' id='word_1_322' title='bbox 1004 4018 1064 4077; x_wconf 89' lang='lat' dir='ltr'>etc.</span> <span class='ocrx_word' id='word_1_323' title='bbox 1088 4013 1120 4078; x_wconf 90' lang='lat' dir='ltr'>S.</span> <span class='ocrx_word' id='word_1_324' title='bbox 1145 4011 1181 4077; x_wconf 81' lang='lat' dir='ltr'>lt.</span> <span class='ocrx_word' id='word_1_325' title='bbox 1208 4009 1237 4076; x_wconf 77' lang='grc' dir='ltr'>Ο.</span> <span class='ocrx_word' id='word_1_326' title='bbox 1259 3999 1289 4070; x_wconf 68' lang='lat' dir='ltr'>li</span> 
     </span>
     <span class='ocr_line' id='line_1_41' title="bbox 393 4084 1351 4189; baseline 0.009 -27"><span class='ocrx_word' id='word_1_327' title='bbox 393 4095 479 4164; x_wconf 78' lang='lat' dir='ltr'>icen</span> <span class='ocrx_word' id='word_1_328' title='bbox 507 4100 541 4164; x_wconf 80' lang='lat' dir='ltr'>n</span> <span class='ocrx_word' id='word_1_329' title='bbox 562 4099 725 4189; x_wconf 59' lang='lat' dir='ltr'>mnam.</span> <span class='ocrx_word' id='word_1_330' title='bbox 748 4100 790 4166; x_wconf 75' lang='lat' dir='ltr'>aa</span> <span class='ocrx_word' id='word_1_331' title='bbox 817 4101 847 4167; x_wconf 80' lang='lat'>5.</span> <span class='ocrx_word' id='word_1_332' title='bbox 872 4101 908 4167; x_wconf 82' lang='lat' dir='ltr'>n</span> <span class='ocrx_word' id='word_1_333' title='bbox 938 4100 999 4166; x_wconf 73' lang='lat' dir='ltr'>uec</span> <span class='ocrx_word' id='word_1_334' title='bbox 1029 4101 1115 4168; x_wconf 78' lang='lat' dir='ltr'>enim</span> <span class='ocrx_word' id='word_1_335' title='bbox 1142 4097 1264 4170; x_wconf 71' lang='lat' dir='ltr'>onero,</span> <span class='ocrx_word' id='word_1_336' title='bbox 1281 4084 1304 4153; x_wconf 80' lang='lat'>⁵·</span> <span class='ocrx_word' id='word_1_337' title='bbox 1334 4085 1351 4133; x_wconf 82' lang='lat'>²·</span> 
     </span>
    </p>
   </div>
   <div class='ocr_carea' id='block_1_3' title="bbox 0 0 1762 4875">
    <p class='ocr_par' dir='ltr' id='par_1_5' title="bbox 0 0 1762 4875">
     <span class='ocr_line' id='line_1_42' title="bbox 0 0 1762 4875; baseline 0 0"><span class='ocrx_word' id='word_1_338' title='bbox 0 0 1762 4875; x_wconf 95' lang='lat' dir='ltr'> </span> 
     </span>
    </p>
   </div>
  </div>
 </body>
</html>
