3484 4875
435 496 502 565 tou
751 513 840 559 tucax
856 513 954 559 neuun
968 511 1147 559 norneicruu

458 621 561 691 nendo
585 620 776 696 celebratur,
799 642 826 687 e.
851 621 925 687 on.
950 620 980 686 9.
1004 618 1137 699 Quando
1162 626 1193 684 et
1218 617 1375 705 quomodo
1403 618 1449 684 Cel·

458 714 543 779 lecta
575 710 613 775 de
636 710 705 775 eod.
729 709 805 776 Ven.
830 707 1036 775 Sacramento
1068 708 1202 773 dicenda
1236 716 1286 773 est
1309 710 1341 773 in
1363 708 1450 784 ldissa,

460 822 487 867 e.
512 801 531 865 o
556 819 586 864 n.
611 799 641 865 6.
664 797 783 877 Quibus
806 798 1002 863 Indumentis
1026 805 1057 862 et
1080 817 1143 882 quo
1173 798 1283 862 colore
1308 797 1450 871 utendum,
1492 857 1496 864 .

460 897 567 955 annot.
592 886 629 952 dc
653 886 734 952 lesto
758 888 849 973 Corp.
874 887 947 953 Chr.
972 907 1002 952 n.
1028 889 1057 951 5.
1081 886 1115 951 Si
1139 886 1179 950 ad
1203 886 1417 971 exponendum
1432 894 1451 949 et
1493 881 1513 900 ’“

459 976 677 1063 reponendum
700 975 755 1041 SS.
772 976 1014 1041 Sacramentum
1038 976 1078 1041 ad
1101 976 1261 1061 posticam
1277 976 1393 1040 Altaris
1406 995 1450 1061 par·

462 1076 526 1131 tem
557 1065 770 1130 accedendum
800 1066 860 1141 sit,
893 1085 932 1130 an
963 1064 1107 1131 Umbella
1131 1072 1163 1129 et
1186 1065 1293 1129 velum
1319 1064 1450 1129 humerale

462 1153 675 1219 adhibendum
698 1154 750 1230 sit,
774 1153 848 1219 ibid.
866 1152 944 1218 Vide
966 1153 1140 1219 Benedictio
1165 1162 1196 1218 et
1222 1153 1387 1218 Processio.

933 1329 973 1402 F

420 1509 533 1574 Felicis
557 1506 614 1595 (S.)
638 1506 676 1571 ll.
693 1507 821 1574 Festum
839 1508 988 1574 adsciscit
1005 1528 1063 1595 pro
1080 1508 1191 1572 ultimo
1209 1507 1240 1593 il.
1259 1505 1388 1571 bomine
1397 1526 1458 1594 pue

465 1599 580 1672 venisti,
606 1596 711 1662 adnot.
738 1598 777 1662 ld
802 1598 871 1662 Jan.
897 1618 927 1662 n.
952 1597 1001 1662 lv.

420 1685 521 1751 Feria.
547 1685 623 1764 Quae
646 1686 738 1749 llissa
761 1686 895 1751 inferia
919 1694 968 1751 est
991 1682 1192 1760 celebranda,
1217 1692 1328 1749 annot.
1353 1678 1461 1769 postb

465 1774 551 1860 piph.
575 1795 606 1838 n.
629 1774 680 1839 lli.
699 1773 780 1852 Quid
803 1774 1030 1841 advertendum
1047 1774 1078 1839 in
1095 1771 1181 1838 feriis
1199 1794 1218 1838 a
1243 1772 1463 1859 septuagesima

466 1883 565 1947 usque
589 1861 629 1926 ad
650 1861 943 1947 Quadragesimam‚
967 1870 1072 1928 annot.
1090 1863 1122 1927 in
1143 1862 1238 1927 Dom.
1256 1861 1405 1947 Septuag.
1420 1867 1463 1923 etc.

465 1971 496 2017 n.
521 1951 551 2016 6.
576 1949 658 2029 Quid
680 1954 706 2017 si
730 1951 936 2037 Evangelium
959 1951 1046 2018 terte
1068 1951 1152 2016 idem
1176 1952 1219 2016 sit
1243 1971 1280 2015 ac
1306 1950 1384 2016 illud
1410 1946 1466 2013 lesti

466 2040 674 2116 occurrentis
698 2040 803 2106 adnot.
820 2041 862 2107 bd
886 2041 976 2107 Febr.
994 2062 1024 2106 n.
1041 2039 1094 2105 lll.
1112 2038 1205 2118 Quid,
1230 2040 1258 2105 si
1281 2036 1363 2104 feria
1386 2037 1467 2122 major

466 2129 586 2194 incidat
609 2130 640 2194 in
663 2129 833 2215 Vigiliam,
863 2130 940 2195 ibid.
964 2150 994 2195 n.
1018 2128 1098 2202 Xll;
1122 2138 1176 2193 aut
1204 2126 1290 2193 inira
1316 2128 1469 2198 Octavam,

468 2217 543 2283 ibid.
575 2239 605 2283 n.
630 2218 694 2283 Vll.
726 2219 774 2284 An
804 2220 836 2284 in
867 2238 1002 2285 occursu
1032 2218 1131 2283 Feriae
1161 2218 1334 2305 propriam
1364 2216 1472 2281 blissan

469 2307 652 2383 obtinentis,
669 2307 824 2373 habeatur
840 2309 921 2373 ratio
938 2308 1041 2373 ltlissee
1064 2306 1237 2371 Dominicae
1263 2305 1440 2393 praeteritae,
1452 2302 1473 2366 si

467 2396 604 2462 necdum
627 2397 760 2462 recitata
783 2398 835 2475 sit,
859 2397 965 2464 adnot.
991 2398 1028 2462 dl
1055 2394 1166 2462 Qctob.
1190 2416 1221 2461 n.
1248 2395 1304 2461 lll.

425 2482 517 2550 Feria
541 2493 654 2570 quarta
678 2486 836 2552 Cinerum.
861 2486 1159 2552 Animadversiones
1183 2483 1223 2550 de
1247 2486 1319 2561 illa,
1338 2491 1437 2551 annot.
1451 2482 1476 2544 in

470 2572 588 2651 Quadr.
613 2595 643 2638 n.
668 2574 697 2640 5.
723 2573 838 2653 Quales
862 2595 933 2640 esse
957 2575 1092 2640 debeant
1114 2573 1244 2638 Cineres
1268 2569 1475 2642 benedicendi,

469 2663 544 2726 ibid.
563 2685 592 2727 n.
612 2665 641 2729 5.
659 2663 716 2728 Ubi
739 2673 770 2730 et
793 2685 811 2729 a
835 2684 896 2749 quo
921 2664 1098 2728 benedictio
1117 2662 1268 2727 Ginerum
1293 2663 1365 2728 sieri
1388 2666 1478 2748 potest

470 2760 502 2817 et
525 2751 628 2827 debet,
653 2751 759 2818 adnot.
784 2754 804 2817 ἓ
828 2752 919 2818 Febr.
945 2774 976 2819 n.
1001 2752 1014 2817 l
1036 2753 1068 2817 in
1090 2751 1161 2816 lino.

426 2836 518 2903 berta
542 2842 649 2924 quinta
666 2842 697 2905 in
714 2842 808 2906 Goena
824 2841 958 2906 Domini.
977 2839 1058 2919 Quid
1082 2840 1304 2905 annotandum
1323 2841 1407 2906 cirea
1421 2834 1478 2903 Offi-

472 2928 556 2991 cium
579 2929 770 3005 creussen,
795 2939 901 2995 annot.
927 2932 959 2994 in
982 2929 1080 2994 Hebd.
1106 2930 1218 3015 major.
1244 2951 1275 2995 n.
1297 2930 1318 2994 8
1344 2937 1376 2994 et
1397 2929 1425 2994 u.
1441 2927 1479 2990 du

470 3017 697 3100 permittantur
718 3019 821 3083 llissae
845 3022 986 3106 privatae,
1010 3018 1085 3083 ibid.
1109 3039 1140 3082 n.
1166 3018 1184 3083 8
1211 3026 1244 3082 et
1268 3019 1325 3083 li).
1352 3018 1481 3083 Commu·

470 3104 522 3168 nio
547 3104 629 3170 Cleri
652 3107 683 3170 in
708 3107 813 3182 blissa,
836 3108 911 3173 ibid.
930 3131 959 3173 n.
978 3108 1028 3172 ld.
1056 3105 1123 3185 Quo
1147 3107 1257 3172 colore
1283 3106 1420 3190 tegenda
1442 3111 1481 3168 est

471 3191 554 3258 cmx
570 3195 687 3260 Altaris
711 3206 743 3261 et
765 3197 991 3272 Processionis‚
1008 3195 1083 3260 ibid.
1100 3196 1281 3270 Processin,
1300 3196 1379 3262 ibid.
1394 3216 1424 3259 n.
1441 3193 1482 3257 ll.

472 3280 528 3347 SS.
553 3282 663 3349 Hostia
687 3287 877 3351 reservanda
902 3307 964 3351 nen
986 3284 1078 3350 debet
1102 3293 1251 3370 patenter
1276 3285 1405 3371 exponi,
1419 3279 1483 3346 ibid.

471 3369 647 3437 Denudatio
669 3374 826 3439 Altarium
850 3373 975 3460 quando
999 3383 1031 3439 et
1054 3393 1071 3438 a
1095 3393 1156 3458 qun
1180 3373 1252 3439 lieri
1277 3373 1405 3448 debeat,
1419 3367 1483 3434 ibid.

470 3458 561 3525 Lotio
585 3462 784 3548 pedumque
808 3464 878 3528 loco
902 3472 934 3528 et
957 3483 973 3529 a
998 3483 1060 3548 quo
1083 3461 1292 3549 perficienda,
1311 3462 1388 3528 ibid.
1405 3461 1485 3525 Rene-

474 3548 570 3614 dictio
594 3551 720 3627 Mensae,
744 3552 820 3617 ibid.
845 3575 875 3617 n.
901 3553 952 3617 ld.

429 3633 521 3703 Feria
544 3649 633 3704 sexta
656 3641 688 3705 in
704 3640 888 3706 Parasceve.
907 3639 987 3719 Quid
1009 3639 1246 3705 observandum
1271 3639 1313 3705 de
1338 3639 1441 3706 Officio
1461 3642 1484 3698 et

473 3725 648 3793 Functione
671 3729 764 3815 hujus
796 3728 905 3806 ieriee,
936 3738 1043 3795 annot.
1068 3730 1100 3794 in
1122 3728 1225 3794 Hebd.
1252 3730 1370 3816 major.
1393 3749 1421 3793 n.
1443 3723 1482 3788 li.

472 3813 508 3879 ln
531 3835 568 3880 ea
591 3819 701 3902 nequit
724 3817 779 3883 SS.
804 3818 907 3884 llissae
930 3817 1127 3884 Sacrificium
1152 3816 1276 3895 offerri,
1301 3819 1381 3884 ibid.
1398 3839 1425 3882 n.
1441 3811 1481 3877 ll.

475 3900 566 3980 Quid,
594 3907 621 3970 si
644 3906 800 3973 Sacerdos
824 3909 989 3994 repentino
1014 3907 1124 3973 morbo
1146 3916 1334 3994 correptus,
1351 3904 1482 3994 perficere

473 4002 609 4078 nequeat
626 4014 751 4063 sacram
774 3997 993 4073 Functionem,
1010 3995 1084 4062 ibid.
1103 3997 1150 4061 An
1173 4015 1293 4082 preces
1318 4017 1377 4084 pro
1400 3995 1480 4078 tmpe-

472 4093 581 4150 ratore
603 4086 653 4151 vel
676 4085 760 4172 Rege
784 4086 846 4154 diei
868 4087 1011 4175 possint,
1035 4083 1110 4151 ibid.
1134 4085 1184 4153 An
1206 4085 1384 4154 Processio
1404 4087 1479 4150 nocta
