3484 4875
437 472 504 540 460
752 487 1150 537 ronnxnnnunnomornruu

456 619 489 665 n.
513 615 603 684 seqq.
626 593 702 676 Quae
736 603 786 661 est
807 597 911 683 prima
933 595 1097 662 Dominica
1131 593 1275 672 Mensis,
1306 602 1407 661 annot.
1426 592 1452 660 al

456 686 526 753 Oct.
543 685 632 752 Pent.
650 685 690 751 ad
706 684 783 751 dds.
796 705 828 749 n.
846 686 876 759 5;
894 693 926 752 et
942 705 1013 771 quae
1035 684 1202 751 Dominica
1228 682 1373 765 Quatuor
1386 683 1454 749 'len-

457 794 584 862 porum‚
608 773 715 840 adnot.
740 773 783 838 44
805 772 892 860 Sept.
917 794 948 839 n.
965 774 1019 840 lll.
1036 772 1206 853 Quodnam
1230 772 1377 840 Officium
1398 773 1456 839 itin
1501 774 1509 837 ἰ

456 863 631 929 Dominicis
654 861 736 928 inira
760 862 905 940 Octavas,
930 883 956 929 c.
980 863 1000 928 E
1024 884 1055 928 n.
1079 863 1130 929 56.
1150 860 1245 941 Quid,
1270 862 1299 927 si
1323 864 1356 928 in
1378 862 1457 928 Doni·

458 954 540 1018 uicis
564 952 774 1039 privilegiatis
797 958 948 1018 occurrat
969 949 1089 1018 Octava
1115 951 1240 1038 pariter
1262 952 1457 1038 privilegiata,

457 1050 565 1107 annot.
589 1041 621 1105 in
645 1040 734 1105 Dono.
759 1039 1009 1126 septuagesimae
1032 1060 1063 1106 ιι.
1088 1040 1118 1107 5.

413 1128 586 1196 Dominicae
616 1129 822 1214 privilegiatae
853 1128 1000 1195 secundae
1024 1129 1152 1205 classis,
1169 1149 1215 1195 an·
1228 1127 1401 1195 admittant
1418 1126 1457 1193 le·

458 1227 544 1285 stum
567 1217 730 1305 quodlibet
752 1219 864 1303 primae
888 1218 1011 1295 elassis,
1035 1237 1107 1304 pag.
1134 1218 1196 1283 185
1222 1218 1257 1284 in
1282 1226 1371 1285 nota.

414 1305 587 1373 Dominicae
605 1314 680 1382 tres,
697 1326 768 1391 que
784 1304 1068 1391 Quadragesimam
1083 1306 1271 1373 immediate
1288 1304 1462 1393 praecedunt.

459 1396 578 1482 quade
599 1415 695 1461 causa
717 1404 880 1472 vocentur,
897 1396 985 1481 prior
999 1397 1245 1483 Septuupoeimo,
1262 1396 1369 1461 altera
1389 1394 1462 1460 Sero·

460 1484 587 1570 peslero,
612 1492 773 1570 postrema
798 1482 1068 1570 ericquopesimo,
1093 1503 1163 1569 pag.
1189 1485 1255 1550 lua
1279 1486 1315 1550 in
1340 1491 1419 1550 nota.

415 1570 534 1638 Domus
558 1572 615 1659 (S.)
637 1572 816 1638 Lauretana
839 1573 866 1637 si
893 1571 1103 1638 transferatur
1124 1574 1158 1638 in
1181 1572 1312 1639 Feriam
1342 1578 1466 1659 quartam

461 1659 603 1739 Quatuor
619 1660 821 1746 Temporum,
839 1660 915 1745 quid
939 1662 1024 1727 circa
1039 1660 1206 1727 Lectiones
1229 1662 1319 1728 tertii
1336 1661 1468 1728 Nocturni

462 1758 512 1813 est
535 1748 783 1827 attendendum,
808 1749 914 1815 adnot.
940 1749 980 1814 lD
1004 1749 1077 1814 Dee.
1102 1770 1132 1815 n.
1158 1749 1197 1815 ll.
1221 1750 1283 1816 Ubi
1308 1752 1468 1817 celebratur

462 1857 535 1902 cum
566 1838 704 1913 Octava,
735 1858 775 1903 an
805 1837 874 1903 bac
903 1837 1063 1923 praecedat
1093 1836 1246 1905 Octavam
1269 1838 1469 1905 Immaculata

461 1924 694 2012 Conceptionis,
718 1925 793 1992 ibid.
818 1947 848 1991 ιι.
873 1926 927 1992 lll.

417 2007 560 2080 Donatus
584 2013 640 2103 (S.)
657 2014 713 2101 Ep.
731 2022 763 2080 et
785 2015 825 2080 ll.
843 2014 1009 2095 Quodnam
1026 2014 1233 2099 Evangelium
1253 2025 1311 2082 est
1334 2034 1469 2101 usurpan
1506 2071 1509 2086 .

461 2101 536 2168 dnm
559 2104 591 2169 in
615 2104 683 2190 ejus
706 2102 814 2169 Dliioio
838 2112 871 2169 et
893 2105 999 2180 blissa,
1023 2103 1130 2169 adnot.
1156 2105 1173 2168 7
1199 2105 1283 2189 Aug.
1311 2127 1343 2171 ιι.
1368 2104 1404 2169 ll.

419 2189 551 2279 Duplex,
569 2192 694 2279 quando
711 2194 742 2257 in
759 2192 885 2258 lndulto
898 2192 1080 2279 Apostolico
1097 2213 1160 2259 non
1177 2195 1383 2280 exprimitur,
1395 2189 1472 2258 ansit

461 2283 564 2367 majus
587 2283 636 2348 vel
659 2283 774 2361 minus
799 2282 987 2367 intelligitur
1011 2280 1126 2367 duplex
1149 2282 1269 2360 minus,
1297 2284 1364 2350 el
1386 2302 1414 2347 ιι.
1430 2278 1472 2345 la.

933 2459 975 2531 Ε

419 2636 571 2703 Ecclesia.
597 2634 678 2716 Quid
701 2637 892 2721 intelligitur
915 2637 1043 2702 nomine
1074 2635 1249 2713 Ecclesia,
1284 2659 1314 2703 c.
1340 2639 1360 2704 E
1382 2658 1409 2702 n.
1432 2635 1475 2700 ll.

461 2725 628 2805 Quodnam
650 2726 877 2791 Kalendarium
901 2726 933 2791 in
957 2745 1145 2810 unaquaque
1175 2734 1227 2790 est
1251 2725 1474 2798 adhibe-udum,

463 2835 489 2879 c.
514 2816 582 2880 En.
609 2815 660 2879 ll.
685 2815 743 2880 sub
767 2814 861 2880 finem
885 2822 917 2879 et
938 2814 1045 2879 adnot.
1070 2814 1090 2879 E
1114 2815 1193 2899 Aug.
1219 2834 1252 2880 n.
1277 2815 1334 2880 lV.

418 2900 561 2967 Ecclesia
585 2903 612 2967 si
635 2903 761 2969 Clerum
788 2924 851 2969 non
875 2903 1012 2980 habeat,
1044 2922 1083 2968 an
1113 2901 1157 2967 ibi
1189 2903 1358 2969 celebrari
1388 2901 1474 2990 possit

466 2989 561 3055 Missa
585 2990 617 3056 S.
642 2990 792 3057 Titularis
816 2994 848 3057 in
871 2992 939 3078 ejus
963 2990 1054 3068 sesto,
1078 3010 1149 3076 pag.
1173 2990 1216 3055 25
1242 2993 1276 3057 in
1303 3001 1391 3059 nota.

418 3076 570 3143 Ecclesia
593 3079 669 3145 olim
693 3080 908 3164 Regularium.
933 3081 980 3146 Αιι
1012 3080 1056 3144 ibi
1079 3080 1199 3145 lucrari
1232 3079 1345 3147 adbuc
1376 3086 1478 3166 queant

461 3166 670 3251 Indulgentiae
694 3168 845 3236 Ecclesiis
869 3169 1074 3254 Regularium
1099 3187 1285 3244 conoessae;
1312 3171 1418 3256 ibique
1436 3186 1477 3232 re·

462 3257 626 3322 tinendum
649 3258 690 3323 sit
712 3257 939 3324 Kalendarium
962 3256 1100 3332 Ordinis
1123 3256 1231 3322 adnot.
1250 3258 1270 3323 E
1291 3259 1375 3344 Aug.
1391 3279 1420 3323 n.
1435 3254 1476 3320 lv.

418 3343 568 3411 Ecclesiae
592 3366 738 3430 quanam
753 3355 838 3422 sunt,
855 3348 887 3411 in
904 3346 1019 3432 quibus
1042 3344 1185 3410 adhiberi
1210 3356 1336 3432 queant
1352 3347 1476 3413 Planeta

463 3435 590 3520 plicatae
614 3442 687 3499 ante
710 3445 831 3522 pectus,
856 3443 963 3501 annot.
987 3436 1018 3500 in
1043 3433 1202 3517 Quadrag.
1230 3455 1261 3500 n.
1287 3436 1322 3501 4.

418 3521 575 3588 Elenohus
597 3523 765 3589 Eestorum
796 3524 978 3589 Kalendarii
1013 3522 1171 3598 Romani,
1207 3543 1281 3608 quaa
1316 3526 1349 3590 in
1380 3529 1475 3589 nostro

461 3611 673 3678 Eranoiscano
697 3614 759 3678 alia
783 3612 833 3677 die
856 3613 1080 3688 celebrantur,
1103 3630 1175 3696 pag.
1200 3612 1280 3681 444.

418 3699 594 3767 Eleutherii
626 3699 683 3788 (S.)
706 3701 762 3787 Pp.
787 3710 818 3767 et
849 3701 889 3767 ll.
914 3701 1043 3767 Festum
1067 3707 1156 3766 extra
1180 3707 1315 3787 tempus
1341 3697 1475 3768 Pascbale

462 3786 558 3853 habet
581 3791 599 3856 8
624 3791 653 3856 ιι.
678 3790 808 3855 Domine
830 3791 1018 3878 praevenisti,
1042 3788 1148 3855 adnot.
1173 3789 1216 3855 Ed
1242 3791 1331 3878 Maji.

418 3874 580 3941 Elisabeth
602 3857 659 3964 (δ’.)
690 3879 818 3962 Reginae
849 3879 1053 3963 Portugalliae
1084 3879 1111 3942 si
1136 3878 1169 3942 in
1192 3878 1352 3967 Vesperis
1382 3880 1471 3946 locun

461 3963 599 4030 habeant
622 3966 798 4052 Suffragia,
830 3987 871 4032 an
902 3968 930 4051 l.
956 3968 994 4034 de
1025 3967 1059 4033 B.
1083 3966 1183 4032 llaria
1215 3970 1261 4034 sit
1292 3966 1471 4037 variandus.

463 4053 572 4121 adnot.
598 4054 616 4121 8
640 4054 703 4123 Jul.
726 4058 775 4124 Αιι
797 4057 829 4123 in
852 4055 934 4124 festo
959 4057 1090 4124 alterius
1115 4054 1147 4123 S.
1172 4055 1346 4127 Elisabeth
1368 4056 1473 4140 llunga·
