3484 4875
582 504 755 552 4334334433
771 505 802 550 ru
817 504 1019 550 3333334343
1034 504 1168 551 uasorum
1320 486 1387 553 848

338 613 491 701 proprio,
523 633 581 678 nec
605 627 662 699 pro'
687 612 794 698 Rege,
817 612 1077 698 nisienprcssim
1102 633 1120 678 a
1144 612 1175 678 S.
1201 612 1282 679 Sede
1306 614 1404 681 luerit

338 721 500 768 concessa.
523 702 555 767 S.
579 701 616 767 44.
643 701 674 767 0.
699 702 737 766 44
763 702 847 788 Sept.
873 700 957 766 4847
985 700 1017 765 in
1046 701 1151 767 Alban.
1176 714 1205 768 et
1234 703 1276 768 88
1305 702 1404 771 Mart.

340 791 482 856 486843
511 812 574 855 rinc
604 790 765 876 utriusque
796 789 920 855 Sicilire.
948 791 1060 855 Preces
1093 811 1151 876 pro
1183 791 1399 859 Romanorum

338 880 550 965 Imperatore,
575 888 641 944 tam
664 876 754 945 Faria
778 887 866 944 sexta
889 879 921 943 in
945 878 1120 944 Parasceve
1143 899 1237 965 quam
1263 882 1295 945 in
1320 883 1405 947 Prae·

340 970 432 1034 aonio
456 966 588 1033 Sabbati
611 970 823 1042 sanctisimo
846 987 980 1054 prorsus
1004 969 1107 1033 omitti
1131 989 1259 1034 necesse
1284 979 1343 1045 est,
1361 971 1401 1036 ob
1500 990 1502 993 ·

340 1058 503 1123 sublatum
534 1057 749 1122 Romanorum
773 1055 967 1142 Imperinm;
1002 1065 1172 1141 utcumque
1204 1060 1403 1125 retineantur

340 1154 374 1211 44
406 1153 500 1210 43434
530 1146 562 1209 43
595 1146 684 1212 novis
716 1145 906 1210 tttssatibus.
931 1145 961 1209 S.
987 1145 1022 1210 ll.
1051 1144 1081 1211 0.
1108 1146 1126 1209 5
1150 1146 1229 1232 Anp.
1256 1148 1340 1213 4859
1373 1150 1406 1211 in

341 1235 543 1311 Sarsincten,
561 1234 579 1297 7
597 1234 670 1299 Dra.
688 1234 774 1300 4844
796 1234 828 1298 ia
844 1233 1036 1299 Mecblinien.
1054 1235 1095 1298 nd
1119 1235 1149 1311 6,
1168 1235 1209 1299 44
1229 1235 1301 1301 443.
1321 1236 1406 1301 4845

341 1325 371 1386 in
394 1322 582 1387 Maeeratea.
600 1322 641 1386 cd
665 1323 683 1388 5
707 1333 736 1387 34
758 1323 800 1387 85
823 1322 906 1409 Sept.
927 1322 1011 1387 4888
1035 1325 1067 1385 in
1089 1344 1151 1387 nna
1176 1324 1315 1389 editionis
1338 1325 1411 1391 Mis·

341 1412 415 1476 sclis
435 1411 477 1475 cd
501 1412 530 1475 5.
549 1411 627 1476 Cum
651 1410 863 1477 4433483433
886 1412 1081 1496 Apostolica,
1098 1412 1226 1477 Monitio
1251 1414 1411 1479 omittitur

341 1520 403 1566 una
428 1520 501 1565 cum
525 1499 675 1565 Oratione
702 1520 761 1586 pro
782 1500 880 1585 Papa.
904 1536 948 1549 -
971 1498 1006 1565 43
1029 1500 1121 1565 lleria
1152 1500 1212 1567 443
1235 1502 1275 1566 44
1299 1502 1410 1568 lliaco·
1470 1530 1477 1553 ν

343 1609 422 1741 natm
436 1595 641 1743 Ι3333444834
662 1589 702 1744 qd
719 1587 1054 1743 {qcrilqtami'gpgcem
1071 1590 1229 1743 iqclustrm
1246 1611 1263 1655 3
1274 1591 1413 1745 pppspla

344 1697 434 1743 exre
459 1697 522 1741 ere.
572 1728 579 1742 .
633 1729 640 1742 .
693 1727 699 1742 .
827 1699 870 1743 ec.
942 1720 958 1742 .
1011 1701 1044 1742 cn
1073 1732 1083 1743 .
1108 1700 1249 1745 annana.
1380 1702 1411 1746 c·

344 1766 533 1832 clesiasticis
569 1766 677 1854 hastas
700 1765 886 1832 Baldaehini
921 1767 1119 1851 gestantibus
1149 1769 1181 1833 in
1205 1768 1265 1834 hac
1299 1768 1411 1835 eadem

344 1853 437 1920 beria
461 1853 501 1941 (si
524 1854 652 1940 quidem
668 1855 845 1941 Episcopus
869 1875 995 1921 sacram
1019 1858 1087 1942 ipse
1107 1855 1414 1923 Sanctionem'neu·

347 1944 470 2029 tiquam
494 1943 652 2029 peragat)
685 1965 747 2011 non
771 1948 847 2009 sunt
869 1943 1050 2012 adhibenda
1072 1945 1248 2021 Pluuialia,
1271 1946 1328 2011 sed
1351 1946 1410 2012 Su-

343 2031 549 2118 perpcllicca.
577 2032 609 2097 8.
643 2032 677 2097 R.
706 2032 737 2098 0.
763 2034 804 2097 45
835 2032 918 2121 Sept.
950 2033 1035 2098 4758
1066 2036 1097 2097 in
1132 2033 1276 2099 Toletano
1307 2034 1350 2098 ad
1381 2036 1411 2104 5.

347 2120 490 2186 84334ι3
505 2121 594 2186 33433
609 2122 671 2186 voli
688 2120 862 2186 humeralis
879 2129 911 2185 34
926 2121 1111 2187 8444434434
1132 2142 1189 2207 pro
1208 2123 1414 2189 Processione

348 2208 405 2275 SS.
432 2208 632 2274 Sacramenti
655 2209 714 2275 hac
738 2228 863 2297 quoque
887 2209 958 2285 die,
982 2212 1167 2296 praecipitnr
1189 2219 1224 2276 44
1248 2212 1288 2276 344
1312 2210 1414 2277 44443.

345 2297 418 2363 last.
439 2296 535 2363 Clam.
551 2295 575 2386 §
593 2298 643 2363 48.
656 2336 701 2347 -
712 2299 793 2364 Ante
809 2297 905 2362 verba
920 2298 1065 2364 {lubricae
1077 2299 1259 2363 Immediatc
1275 2300 1413 2387 portien·

347 2386 411 2452 iarn
434 2385 554 2452 Hostiae
576 2408 647 2453 curn
670 2387 739 2453 3433
763 2396 938 2452 reverenter
959 2388 1055 2453 sunsit
1077 2387 1114 2452 de
1140 2387 1255 2466 Colice,
1279 2407 1342 2453 non
1365 2395 1415 2456 cst

346 2474 530 2541 addendum
551 2462 651 2542 443343
673 2477 913 2563 pennslccione,
938 2496 1011 2541 cum
1036 2476 1113 2560 4334
1134 2497 1198 2542 334
1234 2476 1357 2543 debeat.
1380 2479 1412 2545 S.

346 2563 380 2630 ll.
402 2563 435 2630 C.
453 2564 496 2628 85
513 2563 596 2653 Sept.
624 2565 708 2631 47448
725 2564 816 2631 beer.
839 2585 943 2650 pener.
960 2600 1004 2614 -
1019 2565 1271 2651 Haudquaquam
1294 2564 1342 2630 fas
1365 2574 1415 2633 cst

345 2660 419 2738 post
441 2653 571 2718 Missam
603 2653 947 2719 Praesanctiiicatorum
971 2653 1148 2751 Reliquiam
1181 2653 1214 2719 S.
1239 2653 1349 2719 Crucis
1382 2675 1415 2721 a·

346 2741 523 2808 darandam
546 2761 703 2827 exponere
727 2741 768 2808 ad
791 2742 919 2807 44433433
943 2761 1043 2828 usqne
1067 2741 1198 2809 Sabbati
1221 2744 1334 2808 sancti.
1356 2742 1414 2810 Ve-

347 2838 529 2897 rumtamen
553 2831 607 2896 ubi
638 2831 722 2896 adsit
749 2830 907 2919 ejusmodi
930 2832 1147 2909 cousuetudo,
1180 2833 1334 2919 expositio
1358 2833 1414 2899 illa

343 2919 553 3004 permittitur,
571 2918 742 2985 dnmmodo
766 2941 802 2986 ca
819 2940 968 2986 mensura
986 2922 1027 2987 sit
1044 2921 1127 2988 Crux
1143 2942 1213 3008 quae
1231 2922 1410 3009 Reliquiam

344 3007 504 3074 inclusam
527 3007 677 3092 praefert,
709 3017 744 3074 ut
767 3012 865 3075 statui
888 3017 984 3095 queat
1012 3010 1097 3076 inter
1119 3009 1315 3077 Candelabra
1342 3011 1414 3077 ,4333

345 3096 491 3182 majoris.
514 3097 545 3161 S.
577 3096 613 3162 R.
641 3097 672 3163 C.
699 3097 740 3162 48
769 3098 862 3164 Mart.
889 3097 973 3164 4858
998 3097 1029 3163 in
1056 3098 1233 3164 Tridentino
1263 3099 1304 3164 ad
1336 3101 1354 3164 5
1385 3111 1415 3166 et

342 3186 387 3251 44
412 3185 485 3250 dnn.
504 3185 589 3250 4845
612 3188 645 3250 in
667 3184 804 3252 Floreat.
828 3187 869 3252 cd
893 3187 923 3253 4.
949 3187 1086 3253 Rursum
1109 3188 1164 3252 uhi
1187 3187 1278 3253 43344
1303 3189 1413 3274 quinta

341 3284 374 3340 34
391 3280 483 3339 sexta
506 3274 636 3360 majoris
652 3274 866 3341 Hebdomade
890 3276 974 3359 viget
990 3276 1186 3341 consuetudo
1202 3276 1411 3341 benedicendi

339 3362 463 3448 populo
488 3383 560 3428 cum
583 3362 725 3449 Reliquia
750 3362 782 3429 S.
807 3363 935 3439 Crucis,
959 3362 1091 3429 Pluviali
1117 3384 1189 3429 cum
1213 3364 1302 3429 Stolo
1326 3365 1411 3448 nigri

341 3452 466 3517 coloris
498 3452 650 3517 utendum
673 3461 731 3517 est.
748 3453 780 3518 8.
798 3452 833 3518 44.
854 3452 886 3518 0.
905 3452 922 3517 7
940 3452 1023 3540 Sept.
1043 3453 1128 3518 4850
1145 3454 1177 3517 ia
1199 3452 1347 3517 Veronen.
1371 3453 1414 3517 ad

341 3541 397 3606 46.
411 3538 494 3605 Dum
506 3539 538 3604 S.
553 3539 645 3605 Cruci
659 3540 732 3606 thus
746 3538 847 3606 desert
860 3539 1017 3606 Sacerdos
1031 3540 1124 3606 debet
1137 3542 1322 3615 3333434333
1338 3537 1415 3605 034·

340 3630 466 3694 tionem
489 3649 563 3694 vcro
581 3629 707 3717 Respice
723 3651 900 3715 qrtoescmns
917 3629 1046 3694 Domine
1063 3638 1136 3696 ante
1158 3629 1413 3696 benedictionem

342 3718 559 3803 pronunciare
575 3726 680 3804 potest
703 3725 829 3784 erectus
846 3719 896 3783 vel
913 3717 1095 3803 genuflexus
1118 3726 1214 3805 prout
1237 3719 1336 3783 moris
1353 3728 1412 3794 est;

342 3807 496 3892 itemque,
520 3807 615 3872 sicuti
638 3805 833 3873 consuetudo
856 3805 929 3882 lert,
946 3807 1007 3871 erit
1029 3808 1120 3872 color
1142 3809 1202 3873 veli
1227 3807 1413 3883 humeralis,

344 3894 399 3959 uhi
424 3894 510 3960 istud
534 3895 713 3962 adhibetur.
737 3895 768 3962 S.
793 3895 829 3961 R.
857 3895 889 3962 0.
913 3895 955 3960 85
983 3894 1066 3984 Sept.
1092 3897 1175 3962 4857
1200 3897 1232 3961 in
1262 3896 1410 3966 Marttnen.

344 3983 386 4047 ad
404 3982 455 4050 44.
478 3983 553 4049 Vide
568 3985 662 4050 etiarn
679 4007 750 4071 qttoe
765 3983 980 4051 adnotabimus
995 3985 1051 4049 snb
1067 3985 1116 4050 dic
1132 3985 1151 4060 5
1165 3984 1245 4072 Maji
1256 4009 1285 4051 n.
1298 3985 1357 4051 444.
1370 4022 1414 4034 -

344 4071 386 4138 At
409 4073 493 4141 enim
516 4073 577 4140 hac
600 4073 651 4141 die
674 4072 864 4142 avertendus
887 4072 1004 4162 ubique
1020 4083 1070 4142 est
1086 4075 1205 4142 abusus
1229 4073 1331 4141 denuo
1349 4073 1412 4138 eol·
