3484 4875
574 508 795 554 nnnorarrouns
811 509 839 553 m
856 508 946 554 resin
962 506 1122 553 oncruoms
1293 485 1356 575 423

357 612 403 677 De
427 613 596 699 viminibus
618 625 655 681 ut
679 618 709 681 in
734 616 921 693 Communi,
952 637 1035 682 nona
1057 614 1164 680 Lectio
1188 621 1237 679 est
1260 612 1299 677 de
1322 612 1377 677 bo·

356 702 445 767 milia
470 702 591 780 Fene,
616 706 705 792 cujus
729 706 859 791 insuper
882 705 1143 772 commemoratio
1175 712 1224 768 est
1256 701 1378 785 agenda

356 791 387 855 in
414 790 574 857 Laudibus
608 802 641 858 et
675 794 768 859 blissa
803 815 877 860 cum
911 795 1011 881 ipsius
1034 792 1204 876 Evangelio
1237 791 1269 854 in
1293 790 1376 862 tine;

355 878 493 965 deniquo
517 880 598 946 bine
623 882 772 949 dicuntur
795 883 899 949 blissae
923 882 1152 949 conventuales
1186 899 1223 943 ea
1254 879 1378 943 ratione

354 987 455 1053 quam
492 970 681 1035 tradidimus
717 993 743 1037 c.
769 972 788 1037 8
813 993 843 1037 u.
868 972 888 1037 2
914 981 945 1037 et
968 992 1056 1057 seqq.
1091 969 1148 1035 Ubi
1172 988 1246 1033 vero
1277 986 1378 1051 noque

355 1055 487 1122 llestum
512 1059 591 1124 illud
615 1061 751 1136 colitur,
775 1080 877 1145 neque
902 1061 988 1127 aliud
1012 1056 1227 1145 reponendum
1253 1063 1302 1120 est
1325 1057 1378 1119 du-

356 1145 432 1229 plex
456 1147 505 1211 vel
528 1148 735 1234 semiduplcx‚
753 1146 895 1214 Officium
921 1150 1113 1234 persolvitur
1136 1146 1174 1211 de
1190 1146 1282 1210 Feria
1299 1142 1380 1222 Qua·

356 1242 432 1299 tuor
455 1234 669 1321 temporum,
702 1237 786 1323 quod
818 1237 981 1304 ordinabis
1005 1243 1100 1323 prout
1123 1234 1378 1300 demonstratum

354 1331 405 1387 est
428 1323 461 1387 in
485 1323 658 1390 Dominicis
682 1336 713 1391 et
736 1326 836 1391 Feriis
860 1325 1022 1391 Adventus
1047 1346 1078 1389 u.
1103 1325 1134 1391 6.

399 1410 438 1475 ll.
463 1411 563 1477 Hodie
587 1414 741 1499 incipiunt
761 1401 952 1501 Antiphonai
974 1413 1112 1501 propriae
1135 1411 1175 1477 ad
1199 1408 1322 1476 Laudes
1347 1417 1379 1472 et

357 1519 416 1585 per
451 1499 553 1566 lloras
576 1501 676 1567 tttttui
712 1502 831 1568 lerialis
865 1504 897 1569 in
932 1524 986 1568 sex
1009 1502 1109 1567 Feriis
1133 1508 1206 1567 ante
1232 1498 1376 1583 Vigiliam

346 1586 558 1665 =Nativitatis,
591 1611 662 1676 qua.
685 1592 834 1657 nimirum
859 1593 1062 1677 reperiuntur
1085 1597 1156 1677 post
1179 1587 1374 1654 Dominioam

356 1678 484 1741 tertiam
509 1678 680 1745 Adventus
699 1680 854 1746 Dicuntur
878 1680 970 1746 hodie
995 1681 1194 1765 Antiphone,
1211 1696 1281 1762 quoe
1305 1695 1376 1740 eou-

355 1767 485 1831 veniunt
507 1766 606 1832 terte
639 1771 841 1844 oecurrenti;
865 1770 948 1834 idest
972 1770 998 1834 si
1022 1769 1116 1833 bodie
1147 1769 1189 1833 sit
1213 1766 1304 1830 teria
1327 1782 1376 1828 sc·

355 1854 471 1929 cunda,
488 1858 664 1922 recitantur
687 1878 757 1943 quae
780 1859 823 1924 ibi
847 1867 1009 1944 ponuntur
1032 1878 1090 1943 pro
1106 1857 1198 1922 veria
1221 1851 1377 1919 secunda:

353 1944 380 2007 si
404 1945 448 2009 sit
470 1942 562 2009 Feria
585 1948 777 2032 tertiaque
801 1947 842 2012 ibi
867 1947 1092 2012 describuntur
1116 1965 1174 2031 pro
1199 1943 1290 2009 Feria
1317 1950 1377 2006 ter·

354 2032 412 2104 tia;
430 2032 562 2117 reliqua
585 2035 733 2100 similiter
755 2036 787 2099 in
811 2037 949 2122 propriis
970 2036 1070 2099 Feriis
1094 2036 1200 2099 locum
1223 2032 1376 2095 obtinent.

353 2118 452 2186 Reor.
474 2133 544 2208 post
567 2122 656 2187 Dum.
682 2124 700 2187 5
725 2124 801 2188 Ado.
826 2125 866 2188 At
890 2144 964 2189 vero
988 2125 1014 2186 si
1038 2121 1131 2187 hodie
1154 2120 1250 2186 luerit
1273 2118 1377 2183 Domi·
1404 2160 1409 2169 ·

352 2209 436 2283 nica,
460 2210 616 2295 ejusmodi
640 2211 827 2299 Antiphone
851 2210 978 2276 feriales
1003 2211 1193 2275 inchoantur
1216 2227 1297 2272 eras.
1318 2206 1377 2270 ltu·

350 2297 398 2361 br.
424 2298 444 2362 l.
469 2300 519 2363 eit.
544 2300 733 2385 Antiphone
756 2321 863 2387 porro,
888 2321 958 2385 qum
982 2298 1153 2365 recitandae
1177 2295 1282 2361 lorent
1305 2293 1377 2369 die,

352 2406 417 2472 qua
443 2389 582 2452 occurrit
606 2388 713 2475 (extra
737 2388 930 2476 Sabbatum)
954 2389 1082 2456 Festum
1106 2386 1138 2453 S.
1156 2385 1297 2461 Tbome‚
1321 2403 1375 2449 seu

350 2495 415 2560 qua
439 2478 605 2561 peragitur
628 2478 696 2564 ejus
720 2477 865 2545 Officium
889 2480 983 2544 etiam
1009 2478 1210 2552 translatum,
1228 2474 1376 2540 dicuntur

351 2565 385 2628 in
419 2562 560 2630 Sabbato
592 2565 646 2652 (si
678 2566 821 2632 Officium
854 2568 1054 2654 persolvatur
1084 2565 1124 2630 de
1155 2561 1273 2649 beria)
1305 2581 1377 2626 eum

348 2652 490 2719 Psalmis
514 2653 666 2730 sabbati,
691 2665 803 2741 quarta
827 2658 1065 2743 praetermissa,
1093 2655 1125 2718 in
1149 2653 1239 2739 cujus
1272 2653 1377 2717 locum

347 2741 548 2826 subrogatur
563 2744 743 2830 Antiphona
759 2745 959 2834 Expectotur,
980 2745 1040 2810 nisi
1056 2743 1171 2828 Vigilia
1195 2740 1375 2806 Nativitatis

348 2829 502 2896 inciderit
537 2833 569 2896 in
603 2832 823 2909 Dominicam3
859 2844 926 2900 tum
961 2834 1078 2920 quippe
1113 2831 1302 2917 Antiphone
1338 2827 1376 2892 de

347 2917 525 2996 Laudibus,
548 2940 619 3006 quae
642 2929 814 2988 occurrunt
837 2923 888 2988 die
911 2921 942 2988 S.
965 2922 1104 3000 Thomas,
1128 2942 1165 2986 eo
1188 2940 1271 2986 anno
1295 2937 1377 3004 prae·

347 3009 576 3075 termittuntur
598 3009 713 3094 (liubr.
732 3011 751 3075 l.
769 3011 856 3097 cit.):
880 3013 911 3076 in
936 3010 1075 3077 Sabbato
1108 3019 1214 3076 autem
1239 3008 1270 3073 id
1294 3026 1377 3092 pra-

347 3096 493 3163 stabitur
523 3099 607 3184 qaod
638 3099 689 3164 die
718 3099 760 3164 23
792 3100 1014 3185 explicandum
1045 3099 1135 3166 nobis
1163 3107 1220 3163 est.
1246 3096 1376 3176 Quoties

348 3183 495 3271 praelatae
519 3187 708 3274 Antiphone>
731 3189 875 3254 incidunt
897 3191 929 3254 in
954 3188 1047 3254 Festa
1072 3187 1209 3275 duplicia
1241 3187 1289 3251 vel
1321 3204 1370 3250 se·

347 3273 547 3361 miduplioia‚
563 3297 625 3342 non
648 3276 896 3356 transferuntur,
912 3278 1005 3343 sicuti
1028 3277 1091 3342 illae
1109 3295 1178 3361 quae
1202 3279 1377 3340 occurrunt

349 3364 385 3430 in
410 3361 505 3430 besto
528 3364 560 3430 S.
585 3364 725 3442 Thomae,
749 3366 806 3431 scd
829 3367 923 3452 plane
947 3367 1146 3431 omittuntur.
1386 3380 1389 3386 ’

396 3450 450 3516 lll.
474 3452 574 3518 Hodie
596 3454 628 3519 in
653 3454 800 3540 Vesperis
833 3455 873 3520 ad
905 3455 1082 3542 Mopuv'sceot
1106 3452 1260 3537 incipiunt
1283 3449 1371 3515 Anti·-

346 3539 467 3628 pbonae
489 3541 647 3628 majores,
671 3563 806 3628 quarum
830 3545 951 3610 nullam
975 3562 1115 3628 unquam
1145 3540 1302 3626 praeteriri
1325 3536 1373 3604 las

347 3638 412 3706 est,
429 3650 562 3716 quaeque
586 3630 789 3717 duplicantur
812 3653 868 3698 seu
891 3634 1067 3698 recitantur
1090 3632 1222 3715 integrae
1246 3635 1320 3693 ante
1343 3637 1378 3697 etl

348 3725 426 3808 post
447 3717 626 3808 Mopoifioot
649 3719 696 3808 (f).
713 3721 749 3786 ln
772 3722 906 3806 singulis
930 3732 1036 3787 autem
1052 3719 1200 3805 vesperis
1225 3715 1375 3783 dicuntur

362 4003 398 4080 (Ἴ
421 4002 599 4082 Antiphone,
612 4019 736 4083 utrarum
760 3999 887 4062 recitatio
906 3999 1073 4079 praecipitur
1093 4009 1142 4062 aut
1164 3999 1319 4061 modulatio
1340 3998 1392 4072 ad¹

304 4085 482 4166 llupnifleot
509 4103 525 4146 a
546 4084 593 4146 die
616 4087 652 4146 17
674 4081 842 4144 Decembris
863 4098 955 4162 usque
976 4080 1012 4142 ad
1034 4079 1169 4160 vigiliam
1194 4079 1371 4155 Natiuitatis,
