3484 4875
364 498 430 566 ult
584 516 758 563 3333333333
772 515 803 561 33
818 513 1020 563 3333333333
1034 516 1173 563 urrunnu

343 631 431 691 extra
454 624 582 690 Missam
605 621 822 690 administrari
844 642 924 709 opus
947 622 999 701 sit,
1022 621 1114 690 Stola
1137 624 1202 691 albi
1223 625 1322 698 coloris
1338 623 1381 693 at·

343 713 480 780 hibenda
502 712 636 778 videtur.
1373 713 1382 792 s·

410 802 462 868 ll.
485 801 651 867 Processio
674 799 731 867 88.
756 799 954 866 Sacramenti
978 798 1087 904 (eujus
1111 802 1233 868 mentio
1260 805 1381 891 superine

343 890 525 958 habitaest
546 910 578 957 n.
602 888 641 977 o)
663 889 843 976 peragenda
866 890 899 957 in
923 889 1014 956 lerna
1038 890 1151 976 quinta
1174 890 1216 956 ab
1243 892 1334 958 Alteri
1354 924 1368 950 :x

345 979 522 1057 Sacellum,
546 987 641 1065 atque
663 978 809 1044 iteranda
831 979 863 1044 iu
888 980 1031 1065 proxima
1054 979 1148 1045 lleria
1180 989 1269 1046 sexta
1298 999 1314 1047 a
1365 1029 1383 1051 „

344 1068 425 1135 cello
449 1067 490 1134 ad
512 1068 632 1143 ditare,
654 1067 763 1152 egredi
779 1087 842 1135 non
859 1066 954 1136 debet
968 1076 1057 1134 extra
1073 1068 1231 1135 ambitum
1249 1070 1351 1137 llccles'

344 1158 375 1223 S.
399 1157 436 1224 lt.
463 1157 494 1223 C.
519 1157 560 1222 ln
583 1155 656 1221 333.
681 1156 765 1222 totu
789 1158 822 1221 io
844 1156 1021 1223 Sulmoueo.
1045 1156 1198 1233 Rursum,
1222 1178 1279 1224 ceu
1301 1179 1354 1225 ma
1370 1178 1379 1237 ς

343 1266 438 1324 usus,
462 1244 674 1332 quorumdam
695 1244 907 1333 improbanda
929 1253 978 1310 333
1000 1246 1211 1323 3333333333,
1229 1249 1281 1333 qui
1296 1268 1355 1317 ceu

343 1342 439 1422 atquc
460 1336 492 1401 iu
516 1334 635 1401 blissali
660 1334 882 1420 prescriptum
908 1343 967 1410 est,
990 1342 1139 1420 patenter
1162 1355 1289 1402 sacram
1309 1356 1355 1402 ent

343 1432 423 1490 nunt
444 1423 598 1501 Hostiam,
616 1442 686 1509 que
709 1442 726 1489 a
749 1422 842 1488 Feria
865 1423 975 1510 quinta
991 1424 1022 1488 in
1040 1422 1137 1490 Coena
1160 1423 1286 1490 bomini

344 1522 437 1580 vatur
460 1512 499 1579 ad
522 1513 622 1599 ipsius
646 1513 921 1598 consumptionem
945 1532 1003 1599 pro
1026 1512 1119 1578 Feria
1142 1521 1235 1579 sexta
1258 1515 1288 1579 in
1309 1515 1362 1580 Pa

344 1621 446 1667 sceve.
469 1601 501 1666 S.
524 1601 561 1667 lt
589 1601 619 1667 0.
645 1601 688 1666 tl
710 1600 801 1667 Febr.
826 1601 912 1666 {705
928 1602 960 1664 io
976 1622 1039 1666 333
1059 1601 1133 1667 urat.
1161 1602 1350 1691 Oopuccioo

344 1689 386 1754 33
409 1691 439 1755 7.
463 1690 622 1755 Praeterea
643 1690 809 1755 recondito
826 1688 882 1755 SS.
901 1688 1107 1756 Sacramento
1124 1690 1157 1756 in
1174 1693 1313 1777 capsula,

342 1778 453 1863 nequit
474 1777 655 1865 Antiphona
681 1778 808 1866 Sepulto
830 1778 962 1844 13333333
986 1786 1058 1855 etc,
1082 1798 1186 1864 neque
1211 1779 1369 1866 inceps

344 1867 459 1931 ostiolo
483 1867 624 1951 sigillum
647 1869 773 1955 apponi.
798 1865 996 1952 Quamquam
1027 1867 1095 1933 haec
1126 1866 1183 1933 88.
1211 1868 1378 1935 Saeuam

346 1956 499 2041 repositio
522 1957 554 2021 in
578 1975 613 2021 ea
638 1957 769 2042 capsula
792 1956 836 2022 nil
860 1956 966 2021 obstet
989 1957 1160 2040 quominus
1183 1956 1225 2023 de
1247 1977 1327 2023 more

348 2044 519 2130 pulchrum
542 2044 721 2130 appelletur
743 2044 792 2132 (S.
816 2045 852 2110 lt
880 2045 911 2111 C.
937 2046 955 2110 7
980 2044 1052 2111 Dec.
1078 2044 1165 2111 tall
1181 2046 1215 2111 io
1230 2047 1376 2113 33333333

346 2139 485 2199 attamen
509 2133 542 2198 id
566 2134 670 2200 minus
692 2142 780 2200 recte
810 2134 948 2211 accidit,
980 2134 1097 2220 quippe
1129 2155 1204 2201 cum
1235 2136 1278 2202 ibi
1297 2133 1348 2221 poti

343 2223 498 2289 memoria
514 2223 676 2288 recolatur
692 2223 900 2288 institutionis
917 2221 973 2287 88.
992 2222 1221 2299 llucbaristiae;
1238 2244 1313 2312 quap
1332 2250 1357 2280 33·
1395 2259 1397 2277 2

344 2311 376 2377 in
399 2312 559 2378 Sacellum
583 2312 671 2377 nulla
693 2310 813 2379 toneris
836 2312 937 2396 signa,
962 2311 1040 2377 nibil
1064 2312 1202 2397 lugubre
1219 2314 1290 2379 licet
1306 2307 1360 2376 i'm
1391 2325 1397 2366 t

346 2399 784 2590 33333333
804 2399 1277 2576 catorcinum
1292 2399 1390 2533 ε

346 2587 386 2644 33.
409 2578 431 2644 d
454 2601 480 2645 c.
507 2580 522 2644 l
549 2579 579 2645 3.
604 2579 624 2644 6
647 2602 677 2645 3.
701 2579 721 2644 7
744 2601 776 2643 eo
797 2579 867 2668 liae.
893 2578 996 2644 Clavis
1020 2581 1171 2667 capsulae,
1196 2601 1259 2667 qua
1280 2577 1323 2646 88.
1360 2633 1362 2636 ,

345 2675 543 2734 crementum
579 2676 783 2743 asservatur,
818 2667 973 2734 tradenda
1006 2676 1056 2734 est
1089 2668 1258 2737 Sacerdoti
1282 2686 1359 2734 333
1385 2669 1397 2757 31

344 2754 553 2823 llunetionem
588 2758 728 2822 crastina
762 2755 811 2821 die
846 2757 1057 2823 celebraturo.
1081 2757 1112 2824 S.
1139 2757 1174 2824 li.
1202 2759 1235 2826 0.
1260 2758 1315 2823 ll·
1345 2826 1350 2833 ,
1389 2772 1397 2800 3“

349 2843 434 2909 3835
458 2845 490 2909 io
505 2845 721 2934 Neapolitano.
738 2844 872 2932 Insuper
888 2845 927 2912 ab
944 2844 1095 2912 Oratione
1110 2846 1164 2912 Xb
1180 2847 1329 2919 horarum.
1354 2899 1355 2902 ,

346 2951 482 3019 cumque
504 2931 560 3000 88.
584 2932 784 3001 Sacramenti
806 2935 961 3021 expositio
978 2935 1019 3000 sit
1036 2943 1202 3021 perpetua,
1220 2955 1315 3002 33333
1356 2987 1361 3022 p
1388 2949 1390 2974 ³

347 3029 397 3085 est
419 3041 437 3086 a
460 3021 552 3088 Feria
575 3024 685 3108 quinta
699 3022 734 3088 in
750 3023 845 3088 Coena
862 3023 986 3089 Domini
1003 3024 1043 3089 ad
1059 3023 1237 3091 Sabbatum
1254 3044 1305 3091 san
1326 3046 1335 3071 3
1390 3011 1397 3073 i

346 3108 455 3196 (idest
477 3119 550 3196 post
572 3111 701 3179 Missam
717 3111 817 3178 Feriae
833 3113 951 3197 quintae
968 3112 1008 3178 ad
1024 3115 1202 3179 solemnem
1219 3131 1311 3200 usque
1324 3103 1363 3173 tt
1391 3101 1396 3163 i

346 3218 415 3264 sam
439 3198 570 3266 Sabbati
593 3201 707 3267 sancti.
734 3199 905 3267 Gardelliui
919 3200 960 3286 33
976 3200 1067 3268 Decr.
1084 3201 1148 3267 diei
1163 3202 1204 3267 37
1222 3204 1301 3291 Sept.
1314 3186 1367 3264 lid
1390 3185 1395 3249 i

348 3287 391 3353 33
413 3287 493 3376 30).
516 3289 547 3355 8.
572 3289 608 3355 R.
634 3289 667 3356 0.
692 3289 733 3355 lb
756 3289 850 3355 Mart.
876 3289 958 3356 tuot
984 3288 1016 3354 io
1039 3312 1103 3356 coo
1129 3290 1228 3358 Urbis.
1253 3292 1369 3357 treme
1391 3307 1395 3323 ·

345 3377 470 3445 lebrata
493 3378 590 3444 llissa
612 3386 644 3444 et
667 3376 723 3444 88.
741 3377 950 3445 Sacramento
973 3379 1006 3446 in
1029 3380 1161 3468 capsula
1177 3381 1367 3468 repositae!

345 3474 394 3532 est
416 3467 553 3554 amplius
576 3466 787 3534 ministranda
803 3465 860 3532 88.
877 3466 1088 3547 Eucharistia,
1105 3468 1167 3534 nisi
1183 3469 1225 3535 ob
1241 3466 1367 3534 viaticae

349 3553 452 3621 Coool.
478 3555 807 3623 33433333.
833 3555 1308 3624 3.Ν3313333331333313333
1328 3564 1394 3616 333

346 3660 417 3725 gna
439 3644 532 3712 Cruci
555 3644 746 3733 appendere,
769 3644 855 3730 quod
877 3645 950 3712 inde
973 3644 1050 3711 fluat
1073 3655 1106 3713 ct
1128 3666 1191 3732 quo
1216 3645 1271 3712 88.
1292 3642 1369 3710 Sacer

348 3732 448 3796 menti
466 3735 603 3820 'capsula
626 3734 838 3821 cooperiatur.
861 3733 893 3800 S.
910 3735 946 3800 li.
967 3733 999 3801 O.
1017 3737 1036 3802 8
1053 3735 1133 3822 Aup.
1152 3736 1238 3802 1835
1255 3736 1284 3801 io
1297 3727 1369 3829 3333

347 3819 389 3882 33
412 3820 442 3885 3.
465 3857 509 3871 -
531 3823 613 3889 Usus
635 3823 758 3891 Altaria
781 3821 962 3889 denudandi
979 3833 1051 3909 post
1074 3822 1258 3891 illaudatum
1277 3821 1369 3888 minut

346 3915 397 3991 est
419 3906 578 3977 ferendus.
601 3911 632 3977 S.
657 3912 693 3979 ll.
720 3910 752 3977 θ.
777 3911 819 3976 lb
842 3911 919 3979 Nou.
945 3913 1027 3977 lddl
1053 3913 1085 3978 iu
1108 3913 1223 3978 Pisone
1246 3897 1369 3978 33331

345 4003 453 4084 potest
475 3995 552 4064 lerri
576 3998 771 4067 consuetudo
796 4007 831 4065 ut
865 4002 1065 4086 expoliantur
1093 4002 1239 4078 Altaria,
1264 4003 1371 4079 naupli

348 4084 569 4154 celebrantem
592 4108 666 4154 cum
688 4088 790 4156 sacris
812 4089 988 4166 Ministris,
1017 4089 1074 4158 sed
1097 4110 1156 4178 per
1179 4091 1274 4159 alium
1294 4085 1369 4154 saur
