3484 4875
426 478 493 543 ddi)
664 490 888 539 nonornrronrs
904 492 934 536 m
950 489 1042 535 rnsm
1057 490 1227 537 naenucnrs

446 597 565 667 midica
587 596 670 663 inira
693 596 857 671 Octavam,
875 616 911 661 ac
935 595 1103 661 Lectiones
1129 596 1217 660 tertii
1233 594 1377 661 Nocturni
1396 615 1447 681 qua
1495 609 1505 670 ἲ

447 696 524 754 sunt
547 687 586 751 de
609 685 741 751 homilia
765 683 798 749 S.
822 684 985 767 Ambrosii
1013 682 1103 747 Vides
1125 683 1299 769 festinum
1325 691 1448 769 praterea
1496 697 1505 738 ἰῑ

448 776 485 841 fn
501 773 763 840 commemoratio
781 773 877 837 trium
895 772 1088 836 Octavarum
1100 772 1133 836 iu
1146 770 1314 836 Laudibus
1330 770 1450 844 etllissa,
1501 787 1505 808 ³

448 883 519 948 quac
542 862 673 947 propria
697 860 788 924 adest
811 860 896 924 Puer
926 868 1101 935 natusest,
1127 880 1202 923 cum
1230 860 1332 924 Credo
1362 867 1411 923 ete.
1428 858 1452 921 lu
1499 858 1502 945 ξ

448 950 598 1018 secundis
622 948 792 1033 Vesperis,
817 947 1008 1032 Antiphone
1032 954 1064 1011 ct
1087 947 1210 1011 Psalmi
1233 948 1404 1011 recitantur
1428 945 1454 1009 de
1500 994 1505 1035 :

449 1038 622 1103 Nativitatc
647 1034 739 1120 (ritu
763 1035 882 1121 dttplici
893 1035 920 1117 l,
945 1055 963 1099 a
988 1036 1134 1120 Capitulo
1159 1034 1193 1099 S.
1219 1034 1388 1108 Silvestri,
1405 1042 1456 1118 post
1502 1053 1505 1120 t

452 1125 544 1210 cujus
561 1124 746 1190 Orationem
764 1121 949 1208 adjungitur
966 1124 1231 1187 commemoratio
1249 1124 1407 1207 sequentis
1418 1120 1458 1184 llo
1504 1204 1505 1210 ἵ

450 1214 577 1277 minicae
601 1220 629 1275 et
650 1221 788 1295 quatuor
804 1211 1007 1276 Octavarum.
1025 1209 1144 1276 Verum
1170 1210 1226 1275 ubi
1250 1210 1350 1275 hodie
1372 1209 1460 1293 duplu

449 1301 555 1383 agitur
579 1301 675 1365 etiam
694 1300 896 1373 translatum,
912 1300 1025 1384 primm
1041 1299 1142 1383 ipsius
1157 1297 1317 1383 Vesperae
1341 1297 1461 1362 dicuntur

449 1390 497 1451 uti
515 1388 581 1451 lieri
595 1409 626 1451 n.
640 1387 668 1449 ll
681 1388 767 1451 circa
783 1387 924 1451 medium
941 1386 1185 1450 declaravimus
1204 1386 1376 1451 Lectiones
1379 1383 1461 1486 primi

451 1476 607 1540 Nocturni
631 1483 707 1538 sunt
731 1475 770 1538 de
792 1474 887 1539 initio
911 1474 1062 1559 Fpistolae
1086 1473 1127 1538 ad
1150 1472 1321 1537 Romanos
1345 1470 1462 1559 (msiFe-

450 1572 536 1628 stum
553 1563 701 1647 proprias
725 1564 775 1626 vel
800 1562 838 1626 de
856 1562 1023 1626 Communi
1040 1561 1227 1645 adsignatos
1252 1560 1397 1644 haheat),
1412 1578 1464 1623 cun

449 1651 755 1715 commemoratione
787 1658 927 1734 quatuor
950 1646 1154 1713 Octavarum.
1180 1648 1217 1712 ln
1252 1649 1403 1714 secundis
1422 1646 1463 1709 to·

453 1741 568 1822 spons,
592 1738 782 1822 Antiphone
807 1746 838 1801 et
862 1736 980 1802 Psalmi
1005 1756 1134 1801 rursum
1159 1736 1346 1801 recitantur
1370 1736 1405 1799 de
1423 1734 1464 1799 Na·

452 1826 588 1900 tiuitate,
612 1846 629 1889 a
654 1826 799 1910 Capitulo
824 1825 856 1889 S.
875 1827 1021 1891 Silvestri
1045 1823 1118 1911 (nisi
1142 1823 1280 1888 Festum
1304 1822 1465 1909 praecedens

451 1913 590 1977 curineat
613 1914 738 1997 potiore
761 1913 874 1998 ritu),
893 1933 965 1977 cum
989 1911 1214 1998 praecedentis,
1239 1913 1406 1995 sequentis
1426 1909 1466 1973 llo·

449 2000 576 2065 minicae
609 2008 640 2065 ct
664 2009 801 2085 quatuor
832 2000 1025 2065 Octavarum
1053 2001 1376 2065 commemoratione.
1398 1998 1433 2061 At
1450 1996 1466 2058 si

450 2085 592 2162 Festum,
609 2108 782 2153 occurrens
798 2090 848 2153 vel
873 2088 1075 2164 translatum,
1092 2087 1210 2151 existat
1233 2087 1356 2171 duplex
1379 2086 1466 2170 prima

454 2184 510 2240 aut
535 2176 684 2240 secundm
709 2176 833 2251 classis
858 2183 934 2240 tunc
955 2175 1045 2260 juxta
1069 2174 1154 2238 dieta
1179 2174 1240 2239 sub
1267 2174 1320 2239 die
1336 2175 1379 2239 ct
1396 2171 1467 2257 hujus

452 2282 484 2328 n.
510 2264 563 2338 lx,
589 2264 627 2327 de
651 2262 779 2327 Octavis
804 2262 836 2327 S.
861 2263 1026 2347 Stephani,
1050 2261 1082 2326 S.
1107 2260 1242 2327 loannis
1270 2282 1309 2326 ac
1334 2262 1383 2327 Ss.
1399 2260 1468 2323 lnuo·

454 2352 593 2416 centium
620 2350 698 2415 nihil
722 2371 855 2436 prorsus
881 2352 996 2434 agitur.

497 2440 548 2503 IV.
575 2439 609 2504 Si
632 2439 727 2504 hodie
750 2437 847 2504 luerit
871 2439 963 2503 Feria
988 2436 1149 2511 secunda,
1182 2436 1216 2502 in
1248 2437 1397 2503 Ecclesia
1418 2434 1469 2500 uni·

453 2529 570 2592 versali
589 2526 734 2592 Officium
752 2527 998 2611 persolvendum
1020 2534 1070 2590 est
1086 2526 1117 2590 S.
1136 2524 1271 2590 Thomae
1297 2526 1468 2590 translatum

456 2636 474 2679 e
499 2616 548 2679 die
573 2615 735 2679 hesterna.
761 2614 856 2679 Rtrbr.
881 2614 1045 2678 Breviorit'.
1081 2613 1139 2678 Ubi
1175 2633 1276 2698 porro
1301 2614 1429 2678 Festum
1449 2609 1470 2674 S.

453 2703 585 2767 'litoreae
608 2711 658 2766 cst
682 2703 809 2786 duplex,
830 2702 898 2787 jam
921 2702 990 2767 heri
1008 2702 1206 2766 celebratum
1224 2700 1300 2778 iuit,
1318 2721 1391 2766 cum
1407 2718 1471 2764 eon·

454 2792 686 2854 memoratione
705 2790 879 2854 llominicoe
904 2797 977 2862 etc.;
1002 2808 1101 2873 quare
1125 2788 1220 2853 hodie
1244 2790 1292 2854 ibi
1316 2790 1353 2854 fit
1377 2789 1413 2853 de
1433 2787 1472 2851 du-

455 2878 532 2960 plici
556 2878 662 2960 aliquo
689 2878 866 2951 translato,
899 2878 925 2940 si
949 2877 1054 2950 adsit;
1079 2877 1128 2941 sin
1152 2895 1228 2942 vero
1255 2878 1364 2954 desit,
1394 2877 1426 2941 fit
1446 2874 1472 2936 dc

454 2965 505 3028 die
540 2963 624 3028 inira
647 2964 800 3030 Octavam
834 2964 1038 3038 Natiuitatis3
1075 2972 1107 3029 et
1141 2983 1200 3049 pro
1237 2984 1321 3031 casu
1356 2974 1472 3047 utroque

454 3052 666 3116 observantur
689 3074 760 3138 quae
784 3053 941 3117 ediximus
973 3071 1107 3117 numero
1131 3052 1356 3136 praecedenti;
1380 3052 1432 3117 scd
1451 3051 1472 3112 in

454 3141 554 3226 priori
580 3160 678 3215 casu,
702 3141 894 3225 antiphonae
929 3149 960 3206 et
984 3140 1103 3205 Psalmi
1128 3146 1205 3204 sunt
1228 3139 1271 3204 de
1296 3141 1473 3208 Nativitatc

455 3249 473 3293 a
497 3229 644 3313 Capitulo
670 3231 832 3313 sequentis
857 3229 942 3292 Festi
968 3227 1127 3313 dupliciS‚
1157 3247 1232 3293 cum
1259 3244 1474 3294 commemora·

455 3317 542 3381 tiotre
566 3317 598 3381 S.
623 3317 776 3392 Thomna,
798 3315 973 3381 Dominiooe
997 3324 1029 3380 et
1052 3323 1191 3400 quatuor
1214 3314 1433 3389 Octavarum3
1451 3314 1474 3375 in

457 3425 536 3469 casu
571 3413 678 3469 autem
726 3406 904 3488 posteriore
940 3404 1132 3488 Antiphone
1180 3411 1213 3468 et
1252 3405 1378 3470 Psalmi
1410 3401 1473 3468 reri·

456 3500 567 3557 tantur
590 3492 629 3556 de
652 3492 844 3567 Nativitate‚
869 3513 888 3556 a
911 3492 1057 3576 Capitulo
1082 3489 1114 3555 S.
1139 3490 1276 3557 Thomae
1307 3512 1383 3558 cum
1406 3507 1474 3555 con·

454 3581 686 3644 memoratione
709 3579 920 3664 precedentis
943 3579 1117 3644 Dominicae
1141 3586 1173 3643 et
1197 3586 1343 3664 quatuor
1358 3579 1474 3646 Octauo·

456 3686 538 3731 rum.
564 3666 719 3731 Secundae
743 3666 892 3752 Vespere
927 3676 1001 3732 sunt
1025 3665 1156 3750 agendae
1187 3666 1221 3730 in
1254 3675 1395 3752 utroque
1416 3681 1476 3730 casn

458 3761 493 3817 ut
519 3774 652 3819 numero
677 3755 721 3818 lll
745 3755 965 3830 antecedente,
989 3755 1045 3818 sed
1070 3754 1149 3818 nihil
1181 3753 1221 3818 dc
1245 3753 1414 3820 Dominica
1434 3752 1476 3817 tt.

460 3860 532 3905 cum
554 3843 621 3926 jam
647 3842 860 3926 praecesserit.

503 3927 539 3990 V.
558 3927 691 4006 Quando
709 3928 854 3994 Officium
869 3930 902 3994 S.
915 3929 1045 3994 Thomna
1061 3927 1120 3993 suh
1139 3927 1204 3994 ritu
1221 3929 1437 4017 semiduplici,
1447 3923 1476 3990 ob

460 4035 633 4081 occursum
657 4016 845 4093 Dominicae‚
869 4017 1036 4102 reponitur
1052 4016 1084 4082 in
1101 4015 1194 4082 Feria
1218 4013 1478 4095 secundasimul·
