3484 4875
772 606 994 721 CAPUT
1037 606 1127 720 lV.

566 859 604 904 Dii
628 858 831 904 annuntiantia
854 860 908 905 SEU
931 860 1154 907 annustaxlontt
1178 858 1333 909 rusrotttnt

1501 931 1507 1048 l

480 1232 509 1296 l.
525 1161 763 1297 occurrentia
787 1237 863 1294 tunc
888 1237 1038 1294 censetur
1054 1230 1178 1306 adesse,
1196 1228 1326 1315 quaudo
1343 1230 1400 1294 duo
1414 1229 1458 1315 (rel

410 1317 531 1404 plura)
555 1318 665 1383 lltbcia
689 1319 720 1381 in
746 1337 842 1382 unam
866 1317 1075 1402 eamdemque
1100 1318 1184 1383 diem
1208 1319 1305 1381 simul
1329 1319 1459 1383 incidunt.

411 1406 446 1470 Si
470 1427 507 1472 cx
532 1406 619 1471 bisce
644 1406 768 1470 duobus
793 1403 911 1470 Officiis
944 1413 1092 1471 neutrum
1126 1425 1184 1492 pcc
1216 1406 1319 1470 solam
1351 1426 1461 1470 comme·

411 1494 623 1560 morationcm
649 1501 758 1579 aptum
782 1500 893 1557 natum
917 1494 960 1558 sit
983 1494 1103 1579 expleri
1128 1493 1232 1581 (juxta
1257 1493 1388 1559 dicenda
1410 1514 1460 1579 cap.

410 1582 440 1646 a
465 1603 496 1646 n.
522 1582 580 1665 l),
607 1589 681 1646 tunc
705 1583 831 1665 exurgit
854 1579 1055 1658 'lranslatio‚
1079 1602 1137 1667 per
1161 1600 1258 1666 quam
1284 1584 1414 1647 alterum
1434 1601 1461 1645 ex

410 1670 524 1733 iisdem
538 1668 721 1744 dimittitur,
735 1669 835 1733 donec
849 1668 899 1732 die
916 1671 1153 1755 quamprimum
1172 1669 1275 1734 libera
1292 1678 1462 1735 resumatur.

477 1757 508 1821 ⁶2.
533 1756 574 1821 Ut
597 1756 805 1840 dignoscatur
828 1756 990 1841 quodnam
1014 1777 1052 1822 ex
1075 1755 1219 1842 praelatis
1243 1754 1363 1822 Officiis
1380 1760 1417 1822 sit
1430 1777 1463 1821 re·

411 1844 589 1918 tincndum,
613 1845 773 1929 qrrodnam
799 1843 838 1908 od
864 1845 959 1909 aliam
976 1845 1061 1910 diem
1078 1843 1328 1921 amandandum,
1352 1864 1464 1931 sequen·

411 1940 461 1997 tes
486 1933 657 2017 qualitates
682 1932 722 1995 ob
746 1935 857 1997 oculos
881 1932 1077 2006 habeantur;
1103 1935 1179 2018 ipsae
1204 1934 1291 1997 enim
1309 1932 1464 1998 Olliciooui

409 2020 567 2084 inhaerent
592 2021 811 2104 praelationem
837 2021 982 2085 tribuunt
1005 2042 1072 2106 proc
1096 2023 1171 2095 alio,
1195 2020 1257 2085 boc
1282 2021 1407 2086 ordine:

479 2107 516 2172 l.¹
542 2107 633 2171 llitus
658 2109 769 2181 altior;
794 2110 935 2193 exceptis
960 2116 1065 2174 tamen
1083 2108 1257 2173 Dominicis
1275 2107 1465 2194 privilegiatis

410 2197 523 2282 primm
548 2197 684 2271 classiS,
708 2196 831 2279 Vigiliis
856 2197 1037 2262 Nativitatis
1061 2197 1186 2262 llomini
1211 2203 1243 2259 ct
1266 2197 1466 2268 Pentecostes,

411 2284 461 2350 ‹lie
486 2285 756 2360 circumcisionis,
780 2285 831 2349 die
855 2283 975 2349 tlctava
999 2285 1194 2371 Epiphaniae,
1219 2283 1313 2349 toria
1336 2284 1377 2348 lV
1397 2284 1467 2348 Cine-

408 2393 492 2450 rum,
519 2382 584 2440 tota
609 2373 723 2459 majori
747 2372 955 2437 Hebdomada
979 2382 1010 2439 ot
1035 2373 1146 2437 diebus
1172 2369 1256 2437 inira
1274 2371 1409 2440 Octavas
1424 2372 1467 2435 Pa·

410 2462 496 2528 sclrae
520 2473 551 2528 et
576 2456 793 2537 Pentecostes
817 2482 888 2547 quae
914 2464 991 2527 nulli
1016 2460 1126 2526 Officio
1151 2461 1284 2538 cedunt,
1309 2461 1385 2527 licet
1405 2458 1467 2526 inle-

408 2551 494 2616 riorc
517 2553 682 2636 potiantur
706 2551 780 2614 ritu.
806 2549 902 2614 Robr.
926 2572 994 2635 pen.
1021 2551 1067 2614 tit.
1087 2550 1127 2614 lu
1143 2572 1173 2613 o.
1194 2550 1222 2612 l.
1241 2550 1323 2614 ltem
1341 2548 1467 2635 exceptis

409 2638 584 2703 Dominicis
608 2640 816 2723 privilegiatis
841 2639 990 2702 secundae
1015 2639 1139 2715 classis
1165 2636 1277 2702 diebus
1295 2637 1379 2703 inira
1394 2639 1469 2703 Octa·

408 2746 481 2790 vam
505 2727 692 2811 llpiplranim
717 2734 747 2790 ct
772 2726 822 2789 die
846 2725 965 2791 tlctava
990 2726 1141 2810 Corporis
1165 2725 1302 2801 Christi,
1327 2747 1398 2811 quae
1420 2743 1470 2790 non

409 2814 526 2878 cedunt
550 2815 611 2878 nisi
629 2813 810 2900 duplicibus
828 2814 843 2877 l
865 2815 988 2878 classis.
1012 2814 1136 2878 Tarbella
1154 2814 1371 2888 occcrrrcatiae,
1389 2813 1470 2879 liobr.

407 2900 510 2986 pecul.
534 2923 563 2965 n.
590 2901 630 2965 75
655 2913 683 2965 ct
709 2902 767 2965 lll
796 2923 833 2966 oc
856 2902 887 2966 S.
906 2902 942 2966 R.
963 2901 994 2966 C.
1012 2901 1054 2967 26
1072 2901 1148 2967 Noc.
1169 2901 1254 2964 l755
1272 2901 1305 2965 in
1321 2901 1469 2989 Hispala.

410 2987 452 3051 od
475 2988 505 3052 a.
530 2988 669 3055 Rursum
694 2989 852 3074 excipitur
876 2989 943 3054 dies
968 2988 1086 3054 Octava
1104 2991 1294 3065 communis,
1312 3010 1384 3074 quae
1401 2987 1473 3055 cedit

410 3083 537 3140 tantum
553 3076 657 3141 Fastis
675 3077 855 3162 duplicibus
874 3079 985 3163 primm
1003 3086 1058 3142 aut
1074 3076 1223 3142 secundae
1240 3079 1365 3142 classis,
1389 3077 1473 3142 lioba.

407 3185 475 3249 pen.
501 3166 546 3228 tit.
573 3164 613 3228 tt)
636 3187 666 3228 a.
691 3165 711 3229 2
735 3175 764 3229 ct
787 3166 817 3230 S.
843 3165 879 3230 R.
908 3165 939 3230 0.
964 3165 1006 3230 29
1030 3165 1106 3230 Nou.
1134 3165 1219 3230 1856
1243 3167 1274 3229 ia
1312 3187 1376 3229 uuo
1404 3165 1471 3230 Gon·

406 3274 491 3339 prop.
515 3252 772 3317 Bornobitorum.
792 3253 1019 3318 Verumtamen
1037 3254 1064 3317 si
1081 3253 1148 3318 dies
1166 3252 1284 3318 Octava
1303 3251 1474 3319 communis

409 3338 496 3425 tnisi
521 3341 564 3407 sit
587 3340 738 3424 llominil
763 3348 794 3406 et
818 3341 949 3406 Festum
974 3361 1148 3407 occurrens
1173 3342 1238 3406 sint
1270 3341 1310 3405 de
1343 3362 1407 3406 rino
1431 3359 1474 3406 eu·

410 3427 563 3516 demque,
587 3450 615 3494 v.
642 3448 689 3512 gr.
715 3428 754 3493 de
777 3430 810 3493 B.
836 3429 875 3493 M.
900 3429 948 3506 V.,
974 3439 1049 3495 tunc
1073 3427 1219 3494 Ollicium
1243 3428 1278 3492 lit
1303 3428 1343 3493 de
1367 3429 1477 3501 Festo,

412 3518 557 3599 quamvis
581 3519 622 3584 sit
649 3525 771 3582 tantum
796 3516 913 3603 duplex
937 3519 1050 3604 majus,
1076 3525 1107 3582 et
1131 3517 1210 3582 nibil
1234 3516 1273 3581 dc
1297 3515 1475 3603 Octavall.

468 3795 503 3868 l')
524 3798 632 3856 Auctor
654 3796 804 3875 cujusdam
827 3796 1043 3857 Dissertationis
1066 3797 1095 3857 in
1116 3797 1259 3859 Rubricas
1273 3798 1419 3859 Breviorii
1434 3803 1480 3860 llo·

410 3889 465 3932 mae
486 3872 573 3933 editae
595 3893 641 3934 an.
665 3879 742 3938 tata
764 3876 841 3954 typis
862 3880 896 3937 ll.
920 3881 1049 3937 Gamerae
1072 3880 1183 3954 Aliost,
1204 3878 1308 3937 asserit
1331 3877 1359 3938 in
1382 3894 1479 3940 occur·

408 3952 501 4013 centia
524 3951 582 4012 diei
597 3957 712 4016 Octavae
734 3974 799 4014 cum
822 3959 906 4015 Festo
927 3955 1036 4034 duplici
1058 3956 1159 4035 majori
1182 3958 1218 4016 dc
1241 3975 1298 4017 uno
1320 3957 1478 4037 eodemque

409 4035 524 4109 Sancto,
545 4050 572 4094 r.
595 4052 638 4112 gr.
661 4034 697 4096 dc
720 4034 821 4095 eadem
844 4038 875 4095 B.
898 4038 935 4096 ltl.
957 4039 1002 4110 V.,
1028 4038 1171 4114 agendum
1204 4054 1269 4099 esse
1291 4035 1427 4100 Officium
1448 4035 1479 4097 de
