3484 4875
665 517 753 563 rnusx
768 517 865 563 nanun
880 516 1058 562 noruourun
1306 497 1367 565 451

328 617 467 687 Andreae
490 622 626 690 Avellini
649 621 707 711 (S.)
730 622 858 690 Festum
881 629 930 689 est
953 621 1069 710 duplex
1087 620 1189 687 minus
1205 620 1238 687 in
1255 626 1321 687 tota
1338 623 1394 689 Ec-

380 712 487 787 clesia,
512 711 617 777 adnot.
644 713 684 778 lb
708 711 784 777 Nov.

328 795 462 883 Angelu
486 801 593 866 Merici
617 800 674 889 (S.)
690 800 818 867 Festum
836 800 1062 866 celebrandurn
1077 806 1125 865 est
1148 798 1264 865 intuta
1286 799 1394 867 Eccle-

379 890 437 964 sia,
462 897 494 954 et
518 910 580 974 qno
605 891 665 967 die,
690 889 795 954 adnot.
820 890 858 954 ll
886 888 978 955 Febr.

328 976 447 1060 Angeli
472 979 636 1044 Custodes.
661 978 742 1057 Quid
772 977 1000 1044 advertendum
1031 976 1069 1042 de
1099 995 1208 1041 eorum
1239 975 1332 1042 Eesto
1364 987 1396 1044 et

377 1064 506 1142 Octava,
531 1068 636 1133 adnot.
654 1068 674 1132 2
699 1065 809 1133 Octob.
827 1068 874 1132 An
898 1068 1117 1153 praelationem
1139 1064 1278 1131 habeant
1298 1085 1394 1153 supra

377 1153 472 1220 Festa
496 1155 637 1241 ejusdem
662 1157 753 1231 ritus,
777 1177 804 1221 c.
828 1156 849 1220 4
873 1177 904 1221 n.
930 1157 959 1231 5,
985 1176 1011 1221 c.
1038 1156 1055 1218 5
1080 1175 1110 1219 n.
1133 1152 1153 1217 ξ),
1177 1153 1244 1219 lll.⁰

329 1243 595 1311 Anniversariurn
607 1244 782 1310 Creationis
799 1252 830 1309 el
847 1245 1067 1310 Coronationis
1083 1242 1206 1308 Summi
1221 1243 1393 1309 Pontifiois.

377 1331 500 1411 Quibus
524 1334 646 1410 diebus,
670 1341 701 1400 et
725 1334 839 1420 quibus
862 1334 894 1398 in
918 1334 1021 1399 Missis
1045 1332 1111 1417 ejus
1129 1332 1396 1397 commemoratio

376 1420 446 1486 lieri
470 1422 574 1499 debet,
598 1444 625 1488 c.
650 1424 669 1488 d
694 1444 724 1488 n.
751 1424 801 1488 lu.

329 1509 591 1577 doniversariurn
616 1511 786 1578 Electionis
816 1532 870 1577 sou
896 1510 1149 1576 Consecralionis
1173 1510 1331 1596 Episcopi.
1357 1510 1396 1575 ll·

376 1598 487 1665 binam
503 1608 535 1665 et
557 1600 670 1685 quibus
694 1601 805 1666 diebus
828 1601 913 1665 illius
937 1599 1031 1663 llissa
1055 1600 1210 1665 celebrari
1233 1598 1334 1685 possit
1359 1618 1396 1663 ac

377 1687 505 1764 debeat,
530 1691 594 1754 ud
618 1711 648 1756 n.
668 1690 719 1755 ld.
737 1688 1002 1755 Commemoratio
1026 1685 1168 1772 ejusdem
1190 1688 1398 1753 anniversarii

377 1777 496 1862 quibus
520 1777 641 1855 diebus,
666 1787 698 1843 ut
722 1779 835 1863 quibus
858 1780 889 1844 in
914 1777 1017 1842 Missis
1040 1778 1146 1844 locum
1169 1776 1295 1853 babeat,
1319 1776 1395 1843 ibid.

375 1886 409 1931 n.
437 1867 489 1931 ll.
515 1865 595 1946 Quid
624 1868 650 1931 si
679 1867 854 1954 Episcopus
889 1866 929 1933 ad
964 1867 1059 1933 aliam
1092 1865 1268 1933 Ecclesiam
1302 1862 1398 1932 luerit

375 1956 567 2030 translatus,
591 1956 666 2021 ibid.
692 1977 722 2021 n.
749 1957 799 2020 ld.

328 2042 593 2109 Anniversaritun
628 2044 840 2111 [dedicationis
863 2043 1023 2109 Ecclesiae.
1057 2042 1124 2121 Quo
1148 2043 1220 2120 die,
1245 2064 1306 2128 quo
1332 2044 1397 2108 ritu

376 2141 411 2197 et
436 2153 453 2198 a
477 2133 591 2218 quibus
615 2132 757 2199 Officium
782 2132 867 2198 istud
890 2133 958 2197 fieri
982 2138 1086 2217 potest
1114 2139 1146 2196 et
1169 2131 1283 2207 debet,
1316 2153 1342 2197 c.
1377 2132 1396 2196 *2

376 2242 409 2287 n.
429 2221 448 2287 6
467 2230 498 2286 et
522 2224 551 2287 d.
569 2222 689 2301 Quibus
712 2222 802 2287 iestis
826 2220 920 2296 cedit,
938 2226 970 2286 et
986 2219 1099 2305 quibus
1116 2218 1302 2296 antefertur,
1319 2220 1396 2285 ibid.

377 2331 409 2376 n.
430 2310 460 2385 o.
487 2311 560 2396 Ejus
584 2311 701 2377 Octava
725 2311 839 2396 quibus
856 2309 982 2375 Octavis
1006 2307 1185 2395 praefertur,
1201 2308 1276 2373 ibid.
1294 2329 1325 2373 n.
1345 2309 1396 2373 ld.

377 2398 458 2478 Qua
475 2399 639 2467 Lectiones
656 2402 687 2465 in
711 2401 813 2486 primo
836 2408 866 2465 et
891 2400 985 2466 tertio
1008 2398 1169 2464 Nocturno
1192 2395 1253 2462 diei
1270 2395 1397 2463 Octavo

375 2490 444 2555 sint
467 2490 663 2565 adhibenda,
687 2489 762 2554 ibid.
784 2511 814 2554 n.
833 2489 884 2553 ll.
903 2486 978 2567 Quae
1003 2486 1168 2553 Orationes
1193 2487 1345 2564 dicendae,
1370 2490 1397 2551 si

376 2579 472 2663 plura
496 2579 711 2644 anniversaria
734 2585 904 2643 occurrant
927 2578 976 2641 vel
1001 2582 1213 2652 concurrant,
1237 2575 1311 2640 ibid.
1338 2575 1396 2641 Cu·

372 2666 503 2753 jusnam
528 2670 607 2734 ritus
636 2676 684 2733 est
708 2665 852 2732 Officium
875 2665 1088 2731 Dedicationis
1115 2664 1322 2729 Basilicarum
1347 2664 1395 2728 Ss.

377 2756 440 2842 Ap.
465 2757 552 2821 Petri
575 2766 604 2821 et
629 2756 741 2833 Pauli,
772 2764 803 2821 et
830 2774 976 2840 quaenam
1005 2750 1170 2819 Lectiones
1199 2753 1231 2817 in
1264 2772 1300 2818 eo
1333 2754 1397 2818 siut

374 2845 573 2921 recitanda,
606 2845 712 2909 adnot.
739 2845 780 2910 ld
804 2844 880 2910 Nor.
904 2843 982 2908 Vide
1010 2843 1199 2907 oratorium.

328 2935 593 3002 Anniversarinnn
616 2933 830 2998 dedicationis
846 2932 997 2998 Ecclesiae
1013 2931 1209 2997 Gatbedralis
1233 2931 1282 2996 rel
1306 2932 1398 3018 quasi

374 3023 576 3089 Catbedralis
599 3043 617 3088 a
641 3022 755 3107 quibus
779 3031 810 3089 et
833 3043 895 3110 qno
918 3023 983 3087 ritu
1007 3021 1244 3096 celebrandurn,
1268 3041 1294 3086 c.
1320 3020 1339 3084 ‘l
1364 3042 1394 3085 n.

374 3112 429 3177 ln.
455 3113 503 3177 An
519 3121 608 3178 extra
632 3111 854 3177 Catbedralem
869 3112 969 3177 recoli
992 3111 1093 3196 possit
1116 3110 1175 3174 sub
1192 3111 1254 3174 ritu
1280 3109 1397 3193 duplici

374 3201 492 3286 majori
515 3203 564 3267 vel
592 3200 707 3266 minori
738 3209 885 3275 tantum,
909 3199 984 3264 ibid.
1010 3197 1118 3278 eroad
1143 3196 1269 3261 Clerunr
1294 3196 1398 3261 eidem

374 3291 515 3356 strictim
545 3310 608 3356 non
645 3289 806 3354 addictum
838 3288 952 3373 quibus
983 3287 1072 3351 iestis
1104 3294 1167 3349 tarn
1198 3285 1228 3349 in
1261 3304 1397 3351 occursu

373 3398 474 3463 quarn
505 3380 538 3444 in
571 3398 729 3444 concursu
759 3377 864 3451 cedit,
895 3375 970 3440 ibid.
995 3395 1026 3441 n.
1052 3374 1102 3438 lb.
1127 3372 1218 3459 Apud
1249 3372 1397 3439 eumden]

375 3466 506 3534 (ilerum
530 3468 597 3554 ejus
621 3465 740 3532 Octava
765 3466 878 3551 quibus
902 3462 1029 3529 Octavis
1054 3459 1239 3535 antefertur,
1263 3460 1338 3525 ibid.

328 3557 593 3622 dnniversarium
616 3550 844 3621 Il'eiunctorurn
868 3553 981 3639 quibus
1005 3552 1116 3616 diebus
1140 3549 1338 3635 prohibetur,
1365 3573 1390 3616 o.

373 3646 394 3711 d
419 3667 450 3711 n.
476 3646 526 3711 50.
545 3645 627 3726 Quid
643 3647 669 3710 si
693 3644 894 3728 impediatur,
912 3641 987 3707 ibid.
1005 3661 1035 3705 n.
1055 3640 1105 3705 dl.
1130 3638 1392 3705 Anniversariunr

374 3734 462 3822 quod
486 3735 666 3801 celebratur
690 3731 887 3818 aCapitnliS,
902 3729 1125 3814 Regularibus‚
1142 3725 1394 3794 Confraternita-

373 3823 462 3890 tibus
486 3833 546 3890 etc.
572 3844 629 3909 pro
646 3821 793 3888 omnibus
817 3821 994 3896 Canonicis,
1010 3815 1229 3883 Goniratribus
1254 3824 1314 3883 otc.
1341 3817 1393 3884 de-

375 3914 506 3991 functis,
523 3933 562 3978 an
588 3913 696 3999 peragi
719 3911 820 3997 possit
840 3911 873 3975 in
889 3908 982 3974 Eesto
1008 3907 1137 3993 duplici,
1153 3905 1228 3972 ibid.
1247 3907 1295 3972 An
1319 3907 1396 3972 itorn

330 4050 332 4055 .
375 4002 637 4070 Anniversariunr
660 3999 897 4075 lloiunctorum‚
918 4018 976 4085 pro
1000 3998 1115 4083 quibus
1139 3994 1246 4061 oblata
1270 4003 1318 4060 est
1342 3996 1396 4059 stl-

375 4114 434 4182 pes
456 4094 489 4160 in
512 4091 679 4167 Contione,
701 4089 778 4158 ibid.
795 4087 1060 4157 Annirersariaa
1083 4083 1283 4154 Nostratibus
1301 4094 1392 4168 qnot-
