<?xml version="1.0" encoding="UTF-8"?>
<!DOCTYPE html PUBLIC "-//W3C//DTD XHTML 1.0 Transitional//EN"
    "http://www.w3.org/TR/xhtml1/DTD/xhtml1-transitional.dtd">
<html xmlns="http://www.w3.org/1999/xhtml" xml:lang="en" lang="en">
 <head>
  <title>
</title>
<meta http-equiv="Content-Type" content="text/html;charset=utf-8" />
  <meta name='ocr-system' content='tesseract 3.04.00' />
  <meta name='ocr-capabilities' content='ocr_page ocr_carea ocr_par ocr_line ocrx_word'/>
</head>
<body>
  <div class='ocr_page' id='page_1' title='image "./kalendariumperp00carpgoog_0481.png"; bbox 0 0 3484 4875; ppageno 0'>
   <div class='ocr_carea' id='block_1_1' title="bbox 426 487 1149 553">
    <p class='ocr_par' dir='ltr' id='par_1_1' title="bbox 426 487 1149 553">
     <span class='ocr_line' id='line_1_1' title="bbox 426 487 1149 553; baseline -0.008 0"><span class='ocrx_word' id='word_1_1' title='bbox 426 487 492 553; x_wconf 78' lang='grc'><strong>166</strong></span> <span class='ocrx_word' id='word_1_2' title='bbox 744 504 835 549; x_wconf 83' lang='lat' dir='ltr'><strong>rnonx</strong></span> <span class='ocrx_word' id='word_1_3' title='bbox 850 502 951 549; x_wconf 83' lang='lat' dir='ltr'><strong>neuun</strong></span> <span class='ocrx_word' id='word_1_4' title='bbox 966 501 1149 548; x_wconf 80' lang='lat' dir='ltr'><strong>nonunrnrun</strong></span> 
     </span>
    </p>
   </div>
   <div class='ocr_carea' id='block_1_2' title="bbox 443 602 1459 783">
    <p class='ocr_par' dir='ltr' id='par_1_2' title="bbox 443 602 1459 783">
     <span class='ocr_line' id='line_1_2' title="bbox 443 602 1458 694; baseline -0.007 -17"><span class='ocrx_word' id='word_1_5' title='bbox 443 609 613 690; x_wconf 82' lang='lat' dir='ltr'><strong>Quodnam</strong></span> <span class='ocrx_word' id='word_1_6' title='bbox 636 608 866 675; x_wconf 86' lang='lat' dir='ltr'><strong>Kalendarium</strong></span> <span class='ocrx_word' id='word_1_7' title='bbox 890 609 921 673; x_wconf 91' lang='lat' dir='ltr'><strong>in</strong></span> <span class='ocrx_word' id='word_1_8' title='bbox 946 626 1139 694; x_wconf 85' lang='lat' dir='ltr'><strong>unaquaque</strong></span> <span class='ocrx_word' id='word_1_9' title='bbox 1163 606 1317 671; x_wconf 75' lang='lat' dir='ltr'><strong>Ecclesia</strong></span> <span class='ocrx_word' id='word_1_10' title='bbox 1341 605 1388 670; x_wconf 85' lang='lat' dir='ltr'><strong>rel</strong></span> <span class='ocrx_word' id='word_1_11' title='bbox 1402 602 1458 671; x_wconf 82' lang='lat' dir='ltr'><strong>Ora·</strong></span> 
     </span>
     <span class='ocr_line' id='line_1_3' title="bbox 443 694 1459 783; baseline -0.008 -18"><span class='ocrx_word' id='word_1_12' title='bbox 443 700 527 765; x_wconf 90' lang='lat' dir='ltr'><strong>torio</strong></span> <span class='ocrx_word' id='word_1_13' title='bbox 549 697 680 783; x_wconf 92' lang='lat' dir='ltr'><strong>publico</strong></span> <span class='ocrx_word' id='word_1_14' title='bbox 703 705 753 762; x_wconf 89' lang='lat' dir='ltr'><strong>est</strong></span> <span class='ocrx_word' id='word_1_15' title='bbox 775 695 1004 772; x_wconf 88' lang='lat' dir='ltr'><strong>adhibendum,</strong></span> <span class='ocrx_word' id='word_1_16' title='bbox 1027 716 1054 762; x_wconf 91' lang='lat' dir='ltr'><strong>c.</strong></span> <span class='ocrx_word' id='word_1_17' title='bbox 1078 697 1101 761; x_wconf 74' lang='lat'><strong>2</strong></span> <span class='ocrx_word' id='word_1_18' title='bbox 1125 716 1155 761; x_wconf 91' lang='lat' dir='ltr'><strong>n.</strong></span> <span class='ocrx_word' id='word_1_19' title='bbox 1175 695 1217 760; x_wconf 90' lang='grc'><strong>17</strong></span> <span class='ocrx_word' id='word_1_20' title='bbox 1244 695 1307 761; x_wconf 90' lang='lat' dir='ltr'><strong>sub</strong></span> <span class='ocrx_word' id='word_1_21' title='bbox 1333 694 1459 759; x_wconf 80' lang='lat' dir='ltr'><strong>tinemut</strong></span> 
     </span>
    </p>
   </div>
   <div class='ocr_carea' id='block_1_3' title="bbox 446 784 968 1031">
    <p class='ocr_par' dir='ltr' id='par_1_3' title="bbox 446 784 968 1031">
     <span class='ocr_line' id='line_1_4' title="bbox 446 784 844 869; baseline -0.003 -17"><span class='ocrx_word' id='word_1_22' title='bbox 446 787 555 852; x_wconf 80' lang='lat' dir='ltr'><strong>adnot.</strong></span> <span class='ocrx_word' id='word_1_23' title='bbox 579 786 600 850; x_wconf 71' lang='grc'>2</span> <span class='ocrx_word' id='word_1_24' title='bbox 626 786 708 869; x_wconf 83' lang='lat' dir='ltr'><strong>Aug.</strong></span> <span class='ocrx_word' id='word_1_25' title='bbox 735 805 766 850; x_wconf 91' lang='lat' dir='ltr'><strong>n.</strong></span> <span class='ocrx_word' id='word_1_26' title='bbox 792 784 844 851; x_wconf 91' lang='lat' dir='ltr'><strong>lV.</strong></span> 
     </span>
     <span class='ocr_line' id='line_1_5' title="bbox 926 958 968 1031; baseline 0 -2"><span class='ocrx_word' id='word_1_27' title='bbox 926 958 968 1031; x_wconf 79' lang='lat' dir='ltr'><strong>L</strong></span> 
     </span>
    </p>
   </div>
   <div class='ocr_carea' id='block_1_4' title="bbox 401 1130 1515 3505">
    <p class='ocr_par' dir='ltr' id='par_1_4' title="bbox 401 1130 1469 1570">
     <span class='ocr_line' id='line_1_6' title="bbox 401 1130 1463 1220; baseline -0.006 -19"><span class='ocrx_word' id='word_1_28' title='bbox 401 1136 512 1203; x_wconf 91' lang='lat' dir='ltr'><strong>Lectio</strong></span> <span class='ocrx_word' id='word_1_29' title='bbox 536 1155 620 1202; x_wconf 93' lang='lat' dir='ltr'><strong>nona</strong></span> <span class='ocrx_word' id='word_1_30' title='bbox 651 1134 807 1200; x_wconf 90' lang='lat' dir='ltr'><strong>historica</strong></span> <span class='ocrx_word' id='word_1_31' title='bbox 831 1134 870 1199; x_wconf 90' lang='lat' dir='ltr'><strong>dc</strong></span> <span class='ocrx_word' id='word_1_32' title='bbox 894 1132 977 1199; x_wconf 89' lang='lat' dir='ltr'><strong>lesto</strong></span> <span class='ocrx_word' id='word_1_33' title='bbox 1000 1133 1142 1220; x_wconf 84' lang='lat' dir='ltr'><strong>simplici</strong></span> <span class='ocrx_word' id='word_1_34' title='bbox 1174 1153 1236 1218; x_wconf 86' lang='lat' dir='ltr'><strong>per</strong></span> <span class='ocrx_word' id='word_1_35' title='bbox 1259 1133 1411 1199; x_wconf 88' lang='lat' dir='ltr'><strong>accidens</strong></span> <span class='ocrx_word' id='word_1_36' title='bbox 1429 1130 1463 1195; x_wconf 87' lang='grc'><strong>61</strong></span> 
     </span>
     <span class='ocr_line' id='line_1_7' title="bbox 447 1212 1465 1311; baseline -0.007 -21"><span class='ocrx_word' id='word_1_37' title='bbox 447 1246 507 1311; x_wconf 90' lang='lat' dir='ltr'><strong>per</strong></span> <span class='ocrx_word' id='word_1_38' title='bbox 522 1244 568 1299; x_wconf 90' lang='lat' dir='ltr'><strong>se,</strong></span> <span class='ocrx_word' id='word_1_39' title='bbox 584 1223 712 1310; x_wconf 84' lang='lat' dir='ltr'><strong>quando</strong></span> <span class='ocrx_word' id='word_1_40' title='bbox 730 1224 793 1308; x_wconf 92' lang='lat' dir='ltr'><strong>legi</strong></span> <span class='ocrx_word' id='word_1_41' title='bbox 810 1212 920 1309; x_wconf 76' lang='lat' dir='ltr'><strong>pot&#39;est</strong></span> <span class='ocrx_word' id='word_1_42' title='bbox 936 1230 968 1288; x_wconf 90' lang='lat' dir='ltr'><strong>et</strong></span> <span class='ocrx_word' id='word_1_43' title='bbox 985 1221 1091 1298; x_wconf 89' lang='lat' dir='ltr'><strong>debet,</strong></span> <span class='ocrx_word' id='word_1_44' title='bbox 1107 1244 1135 1288; x_wconf 90' lang='lat' dir='ltr'><strong>e.</strong></span> <span class='ocrx_word' id='word_1_45' title='bbox 1153 1220 1224 1287; x_wconf 88' lang='grc'><strong>66.</strong></span> <span class='ocrx_word' id='word_1_46' title='bbox 1243 1222 1276 1287; x_wconf 80' lang='grc'><strong>9.</strong></span> <span class='ocrx_word' id='word_1_47' title='bbox 1296 1224 1347 1287; x_wconf 89' lang='grc' dir='ltr'><strong>Α6</strong></span> <span class='ocrx_word' id='word_1_48' title='bbox 1364 1219 1465 1307; x_wconf 88' lang='lat' dir='ltr'><strong>quando</strong></span> 
     </span>
     <span class='ocr_line' id='line_1_8' title="bbox 446 1308 1466 1396; baseline -0.005 -19"><span class='ocrx_word' id='word_1_49' title='bbox 446 1312 584 1396; x_wconf 89' lang='lat' dir='ltr'><strong>legenda</strong></span> <span class='ocrx_word' id='word_1_50' title='bbox 616 1320 666 1375; x_wconf 87' lang='lat' dir='ltr'><strong>est</strong></span> <span class='ocrx_word' id='word_1_51' title='bbox 689 1331 772 1378; x_wconf 94' lang='lat' dir='ltr'><strong>nona</strong></span> <span class='ocrx_word' id='word_1_52' title='bbox 796 1310 905 1375; x_wconf 90' lang='lat' dir='ltr'><strong>Lectio</strong></span> <span class='ocrx_word' id='word_1_53' title='bbox 930 1310 969 1375; x_wconf 92' lang='lat' dir='ltr'><strong>de</strong></span> <span class='ocrx_word' id='word_1_54' title='bbox 993 1310 1126 1375; x_wconf 91' lang='lat' dir='ltr'><strong>bomilia</strong></span> <span class='ocrx_word' id='word_1_55' title='bbox 1158 1311 1208 1374; x_wconf 89' lang='lat' dir='ltr'><strong>vel</strong></span> <span class='ocrx_word' id='word_1_56' title='bbox 1236 1309 1277 1373; x_wconf 95' lang='lat' dir='ltr'><strong>de</strong></span> <span class='ocrx_word' id='word_1_57' title='bbox 1301 1308 1386 1374; x_wconf 87' lang='lat' dir='ltr'><strong>lesto</strong></span> <span class='ocrx_word' id='word_1_58' title='bbox 1411 1310 1466 1373; x_wconf 92' lang='lat' dir='ltr'><strong>sin·</strong></span> 
     </span>
     <span class='ocr_line' id='line_1_9' title="bbox 446 1394 1469 1486; baseline -0.007 -20"><span class='ocrx_word' id='word_1_59' title='bbox 446 1402 534 1486; x_wconf 84' lang='lat' dir='ltr'><strong>plici,</strong></span> <span class='ocrx_word' id='word_1_60' title='bbox 559 1420 597 1463; x_wconf 83' lang='lat' dir='ltr'><strong>en</strong></span> <span class='ocrx_word' id='word_1_61' title='bbox 620 1407 733 1463; x_wconf 83' lang='lat' dir='ltr'><strong>octava</strong></span> <span class='ocrx_word' id='word_1_62' title='bbox 757 1407 789 1462; x_wconf 89' lang='lat' dir='ltr'><strong>ot</strong></span> <span class='ocrx_word' id='word_1_63' title='bbox 812 1417 897 1463; x_wconf 91' lang='lat' dir='ltr'><strong>nona</strong></span> <span class='ocrx_word' id='word_1_64' title='bbox 920 1397 1072 1478; x_wconf 78' lang='lat' dir='ltr'><strong>Lectione</strong></span> <span class='ocrx_word' id='word_1_65' title='bbox 1094 1396 1169 1463; x_wconf 90' lang='lat' dir='ltr'><strong>lesti</strong></span> <span class='ocrx_word' id='word_1_66' title='bbox 1193 1398 1402 1463; x_wconf 89' lang='lat' dir='ltr'><strong>occurrentis</strong></span> <span class='ocrx_word' id='word_1_67' title='bbox 1418 1394 1469 1461; x_wconf 82' lang='lat' dir='ltr'><strong>lieri</strong></span> 
     </span>
     <span class='ocr_line' id='line_1_10' title="bbox 448 1484 1042 1570; baseline -0.007 -17"><span class='ocrx_word' id='word_1_68' title='bbox 448 1488 564 1553; x_wconf 90' lang='lat' dir='ltr'><strong>debeat</strong></span> <span class='ocrx_word' id='word_1_69' title='bbox 587 1506 661 1562; x_wconf 90' lang='lat' dir='ltr'><strong>una,</strong></span> <span class='ocrx_word' id='word_1_70' title='bbox 686 1486 794 1552; x_wconf 81' lang='lat' dir='ltr'><strong>adnot.</strong></span> <span class='ocrx_word' id='word_1_71' title='bbox 820 1486 840 1550; x_wconf 97' lang='grc'><strong>6</strong></span> <span class='ocrx_word' id='word_1_72' title='bbox 864 1484 937 1570; x_wconf 84' lang='lat' dir='ltr'><strong>Maji</strong></span> <span class='ocrx_word' id='word_1_73' title='bbox 962 1506 993 1552; x_wconf 92' lang='lat' dir='ltr'><strong>n.</strong></span> <span class='ocrx_word' id='word_1_74' title='bbox 1018 1485 1042 1550; x_wconf 94' lang='lat' dir='ltr'><strong>l.</strong></span> 
     </span>
    </p>

    <p class='ocr_par' dir='ltr' id='par_1_5' title="bbox 403 1570 1515 2009">
     <span class='ocr_line' id='line_1_11' title="bbox 403 1570 1471 1660; baseline -0.004 -23"><span class='ocrx_word' id='word_1_75' title='bbox 403 1574 573 1641; x_wconf 89' lang='lat' dir='ltr'><strong>Lectiones</strong></span> <span class='ocrx_word' id='word_1_76' title='bbox 605 1575 703 1660; x_wconf 94' lang='lat' dir='ltr'><strong>primi</strong></span> <span class='ocrx_word' id='word_1_77' title='bbox 729 1574 886 1640; x_wconf 89' lang='lat' dir='ltr'><strong>Nocturni</strong></span> <span class='ocrx_word' id='word_1_78' title='bbox 919 1574 1035 1658; x_wconf 90' lang='lat' dir='ltr'><strong>quibus</strong></span> <span class='ocrx_word' id='word_1_79' title='bbox 1058 1574 1091 1638; x_wconf 94' lang='lat' dir='ltr'><strong>in</strong></span> <span class='ocrx_word' id='word_1_80' title='bbox 1123 1570 1217 1639; x_wconf 86' lang='lat' dir='ltr'><strong>iestis</strong></span> <span class='ocrx_word' id='word_1_81' title='bbox 1246 1581 1420 1638; x_wconf 73' lang='lat' dir='ltr'><strong>sumantur</strong></span> <span class='ocrx_word' id='word_1_82' title='bbox 1443 1570 1471 1635; x_wconf 89' lang='lat' dir='ltr'><strong>dc</strong></span> 
     </span>
     <span class='ocr_line' id='line_1_12' title="bbox 449 1658 1471 1747; baseline -0.006 -19"><span class='ocrx_word' id='word_1_83' title='bbox 449 1663 618 1747; x_wconf 80' lang='lat' dir='ltr'><strong>Scriptura</strong></span> <span class='ocrx_word' id='word_1_84' title='bbox 642 1662 746 1746; x_wconf 90' lang='lat' dir='ltr'><strong>posita</strong></span> <span class='ocrx_word' id='word_1_85' title='bbox 770 1663 802 1726; x_wconf 95' lang='lat' dir='ltr'><strong>in</strong></span> <span class='ocrx_word' id='word_1_86' title='bbox 826 1662 962 1747; x_wconf 80' lang='lat' dir='ltr'><strong>Proprie</strong></span> <span class='ocrx_word' id='word_1_87' title='bbox 980 1662 1019 1726; x_wconf 92' lang='lat' dir='ltr'><strong>de</strong></span> <span class='ocrx_word' id='word_1_88' title='bbox 1043 1669 1200 1747; x_wconf 86' lang='lat' dir='ltr'><strong>tempore,</strong></span> <span class='ocrx_word' id='word_1_89' title='bbox 1226 1659 1343 1725; x_wconf 89' lang='lat' dir='ltr'><strong>adnot.</strong></span> <span class='ocrx_word' id='word_1_90' title='bbox 1362 1658 1471 1725; x_wconf 83' lang='grc'><strong>15166.</strong></span> 
     </span>
     <span class='ocr_line' id='line_1_13' title="bbox 448 1748 1473 1827; baseline -0.005 -12"><span class='ocrx_word' id='word_1_91' title='bbox 448 1772 480 1815; x_wconf 94' lang='lat' dir='ltr'><strong>n.</strong></span> <span class='ocrx_word' id='word_1_92' title='bbox 498 1750 536 1814; x_wconf 92' lang='grc'><strong>11.</strong></span> <span class='ocrx_word' id='word_1_93' title='bbox 555 1748 688 1827; x_wconf 91' lang='lat' dir='ltr'><strong>Quando</strong></span> <span class='ocrx_word' id='word_1_94' title='bbox 713 1748 855 1814; x_wconf 88' lang='lat' dir='ltr'><strong>dicendae</strong></span> <span class='ocrx_word' id='word_1_95' title='bbox 873 1758 948 1813; x_wconf 91' lang='lat' dir='ltr'><strong>sunt</strong></span> <span class='ocrx_word' id='word_1_96' title='bbox 972 1757 1007 1815; x_wconf 89' lang='lat' dir='ltr'><strong>ut</strong></span> <span class='ocrx_word' id='word_1_97' title='bbox 1031 1751 1063 1813; x_wconf 92' lang='lat' dir='ltr'><strong>in</strong></span> <span class='ocrx_word' id='word_1_98' title='bbox 1087 1748 1259 1813; x_wconf 88' lang='lat' dir='ltr'><strong>Communi</strong></span> <span class='ocrx_word' id='word_1_99' title='bbox 1283 1748 1473 1818; x_wconf 87' lang='lat' dir='ltr'><strong>Sanctorum,</strong></span> 
     </span>
     <span class='ocr_line' id='line_1_14' title="bbox 450 1836 1475 1923; baseline -0.004 -21"><span class='ocrx_word' id='word_1_100' title='bbox 450 1858 490 1902; x_wconf 92' lang='lat' dir='ltr'><strong>an</strong></span> <span class='ocrx_word' id='word_1_101' title='bbox 507 1839 590 1901; x_wconf 89' lang='lat' dir='ltr'><strong>sumi</strong></span> <span class='ocrx_word' id='word_1_102' title='bbox 607 1837 730 1922; x_wconf 91' lang='lat' dir='ltr'><strong>possint</strong></span> <span class='ocrx_word' id='word_1_103' title='bbox 755 1858 793 1901; x_wconf 88' lang='lat' dir='ltr'><strong>ex</strong></span> <span class='ocrx_word' id='word_1_104' title='bbox 817 1838 921 1923; x_wconf 89' lang='lat' dir='ltr'><strong>primo</strong></span> <span class='ocrx_word' id='word_1_105' title='bbox 944 1838 995 1902; x_wconf 85' lang='lat' dir='ltr'><strong>vel</strong></span> <span class='ocrx_word' id='word_1_106' title='bbox 1019 1836 1160 1902; x_wconf 88' lang='lat' dir='ltr'><strong>secundo</strong></span> <span class='ocrx_word' id='word_1_107' title='bbox 1184 1837 1271 1911; x_wconf 94' lang='lat' dir='ltr'><strong>loco,</strong></span> <span class='ocrx_word' id='word_1_108' title='bbox 1290 1836 1372 1903; x_wconf 84' lang='lat' dir='ltr'><strong>ibid.</strong></span> <span class='ocrx_word' id='word_1_109' title='bbox 1389 1836 1475 1919; x_wconf 83' lang='lat' dir='ltr'><strong>liquo</strong></span> 
     </span>
     <span class='ocr_line' id='line_1_15' title="bbox 449 1922 1515 2009; baseline -0.004 -20"><span class='ocrx_word' id='word_1_110' title='bbox 449 1925 618 1989; x_wconf 83' lang='lat' dir='ltr'><strong>Communi</strong></span> <span class='ocrx_word' id='word_1_111' title='bbox 649 1926 715 1989; x_wconf 88' lang='lat' dir='ltr'><strong>sint</strong></span> <span class='ocrx_word' id='word_1_112' title='bbox 746 1924 941 2009; x_wconf 74' lang='lat' dir='ltr'><strong>accipiendo</strong></span> <span class='ocrx_word' id='word_1_113' title='bbox 968 1925 1001 1989; x_wconf 90' lang='lat' dir='ltr'><strong>iu</strong></span> <span class='ocrx_word' id='word_1_114' title='bbox 1034 1924 1125 1989; x_wconf 91' lang='lat' dir='ltr'><strong>lestis</strong></span> <span class='ocrx_word' id='word_1_115' title='bbox 1156 1922 1207 1988; x_wconf 92' lang='lat' dir='ltr'><strong>Ss.</strong></span> <span class='ocrx_word' id='word_1_116' title='bbox 1234 1924 1415 1989; x_wconf 78' lang='lat' dir='ltr'><strong>Doctorum</strong></span> <span class='ocrx_word' id='word_1_117' title='bbox 1433 1923 1476 1986; x_wconf 85' lang='lat' dir='ltr'><strong>la·</strong></span> <span class='ocrx_word' id='word_1_118' title='bbox 1514 1949 1515 1994; x_wconf 78' lang='lat' dir='ltr'><strong>t</strong></span> 
     </span>
    </p>

    <p class='ocr_par' dir='ltr' id='par_1_6' title="bbox 420 2011 1484 3156">
     <span class='ocr_line' id='line_1_16' title="bbox 420 2011 1477 2098; baseline -0.002 -22"><span class='ocrx_word' id='word_1_119' title='bbox 420 2074 422 2076; x_wconf 82' lang='grc'><strong>,</strong></span> <span class='ocrx_word' id='word_1_120' title='bbox 450 2013 596 2077; x_wconf 69' lang='lat' dir='ltr'><strong>luentium</strong></span> <span class='ocrx_word' id='word_1_121' title='bbox 611 2012 779 2077; x_wconf 73' lang='lat' dir='ltr'><strong>Lectiones</strong></span> <span class='ocrx_word' id='word_1_122' title='bbox 803 2013 843 2078; x_wconf 93' lang='lat' dir='ltr'><strong>de</strong></span> <span class='ocrx_word' id='word_1_123' title='bbox 865 2013 1034 2098; x_wconf 86' lang='lat' dir='ltr'><strong>Scriptura</strong></span> <span class='ocrx_word' id='word_1_124' title='bbox 1058 2018 1263 2087; x_wconf 89' lang='lat' dir='ltr'><strong>occurrente,</strong></span> <span class='ocrx_word' id='word_1_125' title='bbox 1280 2012 1413 2097; x_wconf 91' lang='lat' dir='ltr'><strong>quando</strong></span> <span class='ocrx_word' id='word_1_126' title='bbox 1433 2011 1477 2075; x_wconf 91' lang='lat' dir='ltr'><strong>illa</strong></span> 
     </span>
     <span class='ocr_line' id='line_1_17' title="bbox 449 2100 1478 2186; baseline -0.005 -21"><span class='ocrx_word' id='word_1_127' title='bbox 449 2100 597 2166; x_wconf 92' lang='lat' dir='ltr'><strong>incidunt</strong></span> <span class='ocrx_word' id='word_1_128' title='bbox 613 2102 645 2164; x_wconf 94' lang='lat' dir='ltr'><strong>in</strong></span> <span class='ocrx_word' id='word_1_129' title='bbox 663 2100 773 2165; x_wconf 76' lang='lat' dir='ltr'><strong>[lorias</strong></span> <span class='ocrx_word' id='word_1_130' title='bbox 797 2101 956 2186; x_wconf 86' lang='lat' dir='ltr'><strong>ejusmodi</strong></span> <span class='ocrx_word' id='word_1_131' title='bbox 971 2100 1177 2165; x_wconf 80' lang='lat' dir='ltr'><strong>Lectionibus</strong></span> <span class='ocrx_word' id='word_1_132' title='bbox 1201 2108 1370 2176; x_wconf 90' lang='lat' dir='ltr'><strong>carentes,</strong></span> <span class='ocrx_word' id='word_1_133' title='bbox 1387 2100 1478 2165; x_wconf 90' lang='lat' dir='ltr'><strong>adnot.</strong></span> 
     </span>
     <span class='ocr_line' id='line_1_18' title="bbox 451 2186 1481 2276; baseline -0.004 -22"><span class='ocrx_word' id='word_1_134' title='bbox 451 2189 471 2255; x_wconf 81' lang='lat'>9</span> <span class='ocrx_word' id='word_1_135' title='bbox 496 2188 580 2274; x_wconf 84' lang='lat' dir='ltr'><strong>Maji.</strong></span> <span class='ocrx_word' id='word_1_136' title='bbox 598 2187 732 2267; x_wconf 88' lang='lat' dir='ltr'><strong>Quando</strong></span> <span class='ocrx_word' id='word_1_137' title='bbox 756 2188 851 2254; x_wconf 91' lang='lat' dir='ltr'><strong>Initia</strong></span> <span class='ocrx_word' id='word_1_138' title='bbox 874 2208 976 2255; x_wconf 77' lang='lat' dir='ltr'><strong>saera</strong></span> <span class='ocrx_word' id='word_1_139' title='bbox 992 2187 1170 2276; x_wconf 74' lang='lat' dir='ltr'><strong>Scriptura</strong></span> <span class='ocrx_word' id='word_1_140' title='bbox 1191 2187 1420 2273; x_wconf 90' lang='lat' dir='ltr'><strong>impediuntur</strong></span> <span class='ocrx_word' id='word_1_141' title='bbox 1440 2186 1481 2251; x_wconf 88' lang='lat' dir='ltr'><strong>die</strong></span> 
     </span>
     <span class='ocr_line' id='line_1_19' title="bbox 451 2274 1480 2363; baseline -0.005 -22"><span class='ocrx_word' id='word_1_142' title='bbox 451 2280 596 2362; x_wconf 89' lang='lat' dir='ltr'><strong>propria,</strong></span> <span class='ocrx_word' id='word_1_143' title='bbox 612 2277 667 2341; x_wconf 90' lang='lat' dir='ltr'><strong>ubi</strong></span> <span class='ocrx_word' id='word_1_144' title='bbox 691 2284 723 2341; x_wconf 90' lang='lat' dir='ltr'><strong>et</strong></span> <span class='ocrx_word' id='word_1_145' title='bbox 747 2277 907 2360; x_wconf 86' lang='lat' dir='ltr'><strong>quomodo</strong></span> <span class='ocrx_word' id='word_1_146' title='bbox 924 2284 1133 2363; x_wconf 90' lang='lat' dir='ltr'><strong>reponantur,</strong></span> <span class='ocrx_word' id='word_1_147' title='bbox 1150 2284 1262 2341; x_wconf 91' lang='lat' dir='ltr'><strong>annot.</strong></span> <span class='ocrx_word' id='word_1_148' title='bbox 1281 2284 1361 2362; x_wconf 92' lang='lat' dir='ltr'><strong>post</strong></span> <span class='ocrx_word' id='word_1_149' title='bbox 1381 2274 1480 2362; x_wconf 84' lang='lat' dir='ltr'><strong>llpiph.</strong></span> 
     </span>
     <span class='ocr_line' id='line_1_20' title="bbox 453 2362 1482 2451; baseline -0.003 -23"><span class='ocrx_word' id='word_1_150' title='bbox 453 2386 484 2429; x_wconf 93' lang='lat' dir='ltr'><strong>n.</strong></span> <span class='ocrx_word' id='word_1_151' title='bbox 512 2366 575 2441; x_wconf 88' lang='grc'><strong>10,</strong></span> <span class='ocrx_word' id='word_1_152' title='bbox 601 2365 636 2428; x_wconf 94' lang='grc'><strong>11</strong></span> <span class='ocrx_word' id='word_1_153' title='bbox 667 2372 699 2429; x_wconf 91' lang='lat' dir='ltr'><strong>et</strong></span> <span class='ocrx_word' id='word_1_154' title='bbox 723 2364 775 2429; x_wconf 74' lang='lat' dir='ltr'><strong>lb.</strong></span> <span class='ocrx_word' id='word_1_155' title='bbox 800 2362 894 2443; x_wconf 84' lang='lat' dir='ltr'><strong>Quid,</strong></span> <span class='ocrx_word' id='word_1_156' title='bbox 919 2366 947 2430; x_wconf 91' lang='lat' dir='ltr'><strong>si</strong></span> <span class='ocrx_word' id='word_1_157' title='bbox 971 2365 1077 2451; x_wconf 89' lang='lat' dir='ltr'><strong>aliqua</strong></span> <span class='ocrx_word' id='word_1_158' title='bbox 1101 2363 1272 2429; x_wconf 86' lang='lat' dir='ltr'><strong>Dominica</strong></span> <span class='ocrx_word' id='word_1_159' title='bbox 1298 2366 1482 2451; x_wconf 83' lang='lat' dir='ltr'><strong>anticipetur</strong></span> 
     </span>
     <span class='ocr_line' id='line_1_21' title="bbox 453 2452 1483 2539; baseline -0.002 -22"><span class='ocrx_word' id='word_1_160' title='bbox 453 2461 527 2518; x_wconf 90' lang='lat' dir='ltr'><strong>ante</strong></span> <span class='ocrx_word' id='word_1_161' title='bbox 551 2453 839 2539; x_wconf 88' lang='lat' dir='ltr'><strong>Septuagesimam,</strong></span> <span class='ocrx_word' id='word_1_162' title='bbox 864 2453 942 2518; x_wconf 87' lang='lat' dir='ltr'><strong>ibid.</strong></span> <span class='ocrx_word' id='word_1_163' title='bbox 959 2475 990 2519; x_wconf 94' lang='lat' dir='ltr'><strong>n.</strong></span> <span class='ocrx_word' id='word_1_164' title='bbox 1009 2454 1039 2520; x_wconf 81' lang='lat'><strong>9.</strong></span> <span class='ocrx_word' id='word_1_165' title='bbox 1058 2452 1273 2532; x_wconf 89' lang='lat' dir='ltr'><strong>Quandouam</strong></span> <span class='ocrx_word' id='word_1_166' title='bbox 1298 2455 1483 2539; x_wconf 89' lang='lat' dir='ltr'><strong>anticipatur</strong></span> 
     </span>
     <span class='ocr_line' id='line_1_22' title="bbox 455 2539 1483 2626; baseline -0.002 -21"><span class='ocrx_word' id='word_1_167' title='bbox 455 2542 586 2607; x_wconf 91' lang='lat' dir='ltr'><strong>Initium</strong></span> <span class='ocrx_word' id='word_1_168' title='bbox 611 2542 684 2606; x_wconf 92' lang='lat' dir='ltr'><strong>libri</strong></span> <span class='ocrx_word' id='word_1_169' title='bbox 707 2540 840 2617; x_wconf 82' lang='lat' dir='ltr'><strong>Esther,</strong></span> <span class='ocrx_word' id='word_1_170' title='bbox 869 2549 978 2606; x_wconf 90' lang='lat' dir='ltr'><strong>annot.</strong></span> <span class='ocrx_word' id='word_1_171' title='bbox 1004 2543 1036 2607; x_wconf 93' lang='lat' dir='ltr'><strong>in</strong></span> <span class='ocrx_word' id='word_1_172' title='bbox 1059 2540 1150 2606; x_wconf 83' lang='lat' dir='ltr'><strong>llom.</strong></span> <span class='ocrx_word' id='word_1_173' title='bbox 1176 2539 1386 2626; x_wconf 86' lang='lat' dir='ltr'><strong>Septembris</strong></span> <span class='ocrx_word' id='word_1_174' title='bbox 1409 2563 1437 2606; x_wconf 93' lang='lat' dir='ltr'><strong>n.</strong></span> <span class='ocrx_word' id='word_1_175' title='bbox 1459 2540 1483 2604; x_wconf 93' lang='grc'><strong>1.</strong></span> 
     </span>
     <span class='ocr_line' id='line_1_23' title="bbox 454 2628 1483 2714; baseline -0.001 -21"><span class='ocrx_word' id='word_1_176' title='bbox 454 2628 547 2706; x_wconf 88' lang='lat' dir='ltr'><strong>Quid,</strong></span> <span class='ocrx_word' id='word_1_177' title='bbox 561 2630 588 2693; x_wconf 90' lang='lat' dir='ltr'><strong>si</strong></span> <span class='ocrx_word' id='word_1_178' title='bbox 604 2628 773 2693; x_wconf 86' lang='lat' dir='ltr'><strong>Lectiones</strong></span> <span class='ocrx_word' id='word_1_179' title='bbox 789 2630 885 2714; x_wconf 93' lang='lat' dir='ltr'><strong>primi</strong></span> <span class='ocrx_word' id='word_1_180' title='bbox 908 2629 1064 2694; x_wconf 88' lang='lat' dir='ltr'><strong>Nocturni</strong></span> <span class='ocrx_word' id='word_1_181' title='bbox 1087 2628 1339 2694; x_wconf 85' lang='lat' dir='ltr'><strong>Dominicarum</strong></span> <span class='ocrx_word' id='word_1_182' title='bbox 1357 2629 1483 2713; x_wconf 82' lang='lat' dir='ltr'><strong>Sexage-</strong></span> 
     </span>
     <span class='ocr_line' id='line_1_24' title="bbox 454 2715 1484 2801; baseline -0.001 -21"><span class='ocrx_word' id='word_1_183' title='bbox 454 2718 555 2792; x_wconf 76' lang='lat' dir='ltr'><strong>simac,</strong></span> <span class='ocrx_word' id='word_1_184' title='bbox 570 2715 870 2801; x_wconf 84' lang='lat' dir='ltr'><strong>Quinquagesimae,</strong></span> <span class='ocrx_word' id='word_1_185' title='bbox 895 2716 1055 2793; x_wconf 77' lang='lat' dir='ltr'><strong>secundae,</strong></span> <span class='ocrx_word' id='word_1_186' title='bbox 1074 2717 1176 2781; x_wconf 87' lang='lat' dir='ltr'><strong>tertiae</strong></span> <span class='ocrx_word' id='word_1_187' title='bbox 1200 2723 1236 2781; x_wconf 86' lang='lat' dir='ltr'><strong>et</strong></span> <span class='ocrx_word' id='word_1_188' title='bbox 1260 2725 1392 2801; x_wconf 86' lang='lat' dir='ltr'><strong>quartae</strong></span> <span class='ocrx_word' id='word_1_189' title='bbox 1414 2715 1484 2794; x_wconf 91' lang='lat' dir='ltr'><strong>Qua·</strong></span> 
     </span>
     <span class='ocr_line' id='line_1_25' title="bbox 453 2803 1483 2890; baseline -0.001 -22"><span class='ocrx_word' id='word_1_190' title='bbox 453 2804 644 2887; x_wconf 77' lang='lat' dir='ltr'><strong>dragesimae</strong></span> <span class='ocrx_word' id='word_1_191' title='bbox 666 2803 900 2889; x_wconf 78' lang='lat' dir='ltr'><strong>impediantur,</strong></span> <span class='ocrx_word' id='word_1_192' title='bbox 925 2815 1034 2870; x_wconf 93' lang='lat' dir='ltr'><strong>annot.</strong></span> <span class='ocrx_word' id='word_1_193' title='bbox 1059 2807 1091 2869; x_wconf 94' lang='lat' dir='ltr'><strong>in</strong></span> <span class='ocrx_word' id='word_1_194' title='bbox 1115 2804 1207 2869; x_wconf 86' lang='lat' dir='ltr'><strong>Dom.</strong></span> <span class='ocrx_word' id='word_1_195' title='bbox 1234 2803 1483 2890; x_wconf 78' lang='lat' dir='ltr'><strong>septuagesima</strong></span> 
     </span>
     <span class='ocr_line' id='line_1_26' title="bbox 452 2890 1484 2976; baseline 0.001 -22"><span class='ocrx_word' id='word_1_196' title='bbox 452 2911 484 2954; x_wconf 91' lang='lat' dir='ltr'><strong>n.</strong></span> <span class='ocrx_word' id='word_1_197' title='bbox 508 2892 529 2954; x_wconf 69' lang='lat'><strong>2</strong></span> <span class='ocrx_word' id='word_1_198' title='bbox 553 2900 585 2955; x_wconf 87' lang='lat' dir='ltr'><strong>et</strong></span> <span class='ocrx_word' id='word_1_199' title='bbox 610 2894 648 2956; x_wconf 84' lang='lat' dir='ltr'><strong>&#39;in</strong></span> <span class='ocrx_word' id='word_1_200' title='bbox 673 2891 961 2976; x_wconf 85' lang='lat' dir='ltr'><strong>Quadragesimam</strong></span> <span class='ocrx_word' id='word_1_201' title='bbox 984 2914 1015 2958; x_wconf 93' lang='lat' dir='ltr'><strong>n.</strong></span> <span class='ocrx_word' id='word_1_202' title='bbox 1040 2893 1070 2958; x_wconf 86' lang='lat'><strong>7.</strong></span> <span class='ocrx_word' id='word_1_203' title='bbox 1096 2890 1179 2970; x_wconf 85' lang='lat' dir='ltr'><strong>Quid</strong></span> <span class='ocrx_word' id='word_1_204' title='bbox 1212 2890 1254 2957; x_wconf 94' lang='lat' dir='ltr'><strong>de</strong></span> <span class='ocrx_word' id='word_1_205' title='bbox 1287 2892 1484 2959; x_wconf 87' lang='lat' dir='ltr'><strong>Lectionibus</strong></span> 
     </span>
     <span class='ocr_line' id='line_1_27' title="bbox 451 2978 1482 3065; baseline 0.001 -25"><span class='ocrx_word' id='word_1_206' title='bbox 451 2979 600 3065; x_wconf 79' lang='lat' dir='ltr'><strong>martyrii</strong></span> <span class='ocrx_word' id='word_1_207' title='bbox 616 2979 884 3056; x_wconf 77' lang='lat' dir='ltr'><strong>llacbabaeorum,</strong></span> <span class='ocrx_word' id='word_1_208' title='bbox 902 2992 1010 3045; x_wconf 88' lang='lat' dir='ltr'><strong>annot.</strong></span> <span class='ocrx_word' id='word_1_209' title='bbox 1028 2980 1060 3046; x_wconf 90' lang='lat' dir='ltr'><strong>in</strong></span> <span class='ocrx_word' id='word_1_210' title='bbox 1077 2979 1265 3045; x_wconf 85' lang='lat' dir='ltr'><strong>bominicas</strong></span> <span class='ocrx_word' id='word_1_211' title='bbox 1283 2978 1402 3048; x_wconf 88' lang='lat' dir='ltr'><strong>Octob.</strong></span> <span class='ocrx_word' id='word_1_212' title='bbox 1419 3001 1447 3046; x_wconf 90' lang='lat' dir='ltr'><strong>u.</strong></span> <span class='ocrx_word' id='word_1_213' title='bbox 1459 2980 1482 3042; x_wconf 90' lang='grc'><strong>1.</strong></span> 
     </span>
     <span class='ocr_line' id='line_1_28' title="bbox 453 3064 1294 3156; baseline 0.001 -29"><span class='ocrx_word' id='word_1_214' title='bbox 453 3064 534 3129; x_wconf 90' lang='lat' dir='ltr'><strong>Vide</strong></span> <span class='ocrx_word' id='word_1_215' title='bbox 557 3066 651 3130; x_wconf 82' lang='lat' dir='ltr'><strong>Initio</strong></span> <span class='ocrx_word' id='word_1_216' title='bbox 673 3066 965 3145; x_wconf 66' lang='lat' dir='ltr'><strong>Librorcmuocroe</strong></span> <span class='ocrx_word' id='word_1_217' title='bbox 988 3069 1171 3156; x_wconf 81' lang='lat' dir='ltr'><strong>Scripturce.</strong></span> <span class='ocrx_word' id='word_1_218' title='bbox 1287 3117 1294 3128; x_wconf 88' lang='lat'><strong>.</strong></span> 
     </span>
    </p>

    <p class='ocr_par' dir='ltr' id='par_1_7' title="bbox 408 3152 1482 3417">
     <span class='ocr_line' id='line_1_29' title="bbox 408 3152 1482 3242; baseline 0.004 -26"><span class='ocrx_word' id='word_1_219' title='bbox 408 3152 575 3217; x_wconf 86' lang='lat' dir='ltr'><strong>Lectiones</strong></span> <span class='ocrx_word' id='word_1_220' title='bbox 592 3155 724 3220; x_wconf 86' lang='lat' dir='ltr'><strong>secundi</strong></span> <span class='ocrx_word' id='word_1_221' title='bbox 741 3162 774 3220; x_wconf 85' lang='lat' dir='ltr'><strong>et</strong></span> <span class='ocrx_word' id='word_1_222' title='bbox 790 3157 876 3220; x_wconf 90' lang='lat' dir='ltr'><strong>tertii</strong></span> <span class='ocrx_word' id='word_1_223' title='bbox 892 3157 1049 3222; x_wconf 89' lang='lat' dir='ltr'><strong>Nocturni</strong></span> <span class='ocrx_word' id='word_1_224' title='bbox 1066 3153 1242 3220; x_wconf 83' lang='lat' dir='ltr'><strong>recitandae</strong></span> <span class='ocrx_word' id='word_1_225' title='bbox 1259 3156 1295 3220; x_wconf 94' lang='lat' dir='ltr'><strong>in</strong></span> <span class='ocrx_word' id='word_1_226' title='bbox 1313 3155 1409 3223; x_wconf 83' lang='lat' dir='ltr'><strong>lestis</strong></span> <span class='ocrx_word' id='word_1_227' title='bbox 1423 3174 1482 3242; x_wconf 87' lang='lat' dir='ltr'><strong>par·</strong></span> 
     </span>
     <span class='ocr_line' id='line_1_30' title="bbox 453 3242 1447 3328; baseline 0.002 -23"><span class='ocrx_word' id='word_1_228' title='bbox 453 3242 643 3307; x_wconf 90' lang='lat' dir='ltr'><strong>ticularibus</strong></span> <span class='ocrx_word' id='word_1_229' title='bbox 667 3252 698 3306; x_wconf 88' lang='lat' dir='ltr'><strong>et</strong></span> <span class='ocrx_word' id='word_1_230' title='bbox 721 3263 779 3328; x_wconf 91' lang='lat' dir='ltr'><strong>per</strong></span> <span class='ocrx_word' id='word_1_231' title='bbox 802 3263 915 3309; x_wconf 91' lang='lat' dir='ltr'><strong>eorum</strong></span> <span class='ocrx_word' id='word_1_232' title='bbox 940 3242 1087 3318; x_wconf 70' lang='lat' dir='ltr'><strong>Octavus</strong></span> <span class='ocrx_word' id='word_1_233' title='bbox 1112 3263 1139 3308; x_wconf 91' lang='lat' dir='ltr'><strong>c.</strong></span> <span class='ocrx_word' id='word_1_234' title='bbox 1163 3242 1184 3306; x_wconf 71' lang='grc'>2</span> <span class='ocrx_word' id='word_1_235' title='bbox 1208 3263 1243 3306; x_wconf 87' lang='grc'><strong>6.</strong></span> <span class='ocrx_word' id='word_1_236' title='bbox 1268 3243 1315 3311; x_wconf 75' lang='lat' dir='ltr'><strong>bt)</strong></span> <span class='ocrx_word' id='word_1_237' title='bbox 1344 3255 1375 3311; x_wconf 85' lang='lat' dir='ltr'><strong>et</strong></span> <span class='ocrx_word' id='word_1_238' title='bbox 1400 3243 1447 3309; x_wconf 85' lang='grc'><strong>61.</strong></span> 
     </span>
     <span class='ocr_line' id='line_1_31' title="bbox 408 3328 1481 3417; baseline 0 -25"><span class='ocrx_word' id='word_1_239' title='bbox 408 3329 472 3394; x_wconf 91' lang='lat' dir='ltr'><strong>Leo</strong></span> <span class='ocrx_word' id='word_1_240' title='bbox 496 3329 509 3392; x_wconf 96' lang='lat' dir='ltr'><strong>l</strong></span> <span class='ocrx_word' id='word_1_241' title='bbox 533 3328 590 3416; x_wconf 81' lang='lat' dir='ltr'><strong>(S.)</strong></span> <span class='ocrx_word' id='word_1_242' title='bbox 614 3331 670 3415; x_wconf 90' lang='lat' dir='ltr'><strong>Pp.</strong></span> <span class='ocrx_word' id='word_1_243' title='bbox 697 3330 729 3393; x_wconf 84' lang='lat' dir='ltr'><strong>G.</strong></span> <span class='ocrx_word' id='word_1_244' title='bbox 755 3338 788 3396; x_wconf 89' lang='lat' dir='ltr'><strong>et</strong></span> <span class='ocrx_word' id='word_1_245' title='bbox 810 3331 901 3396; x_wconf 86' lang='lat' dir='ltr'><strong>lloct.</strong></span> <span class='ocrx_word' id='word_1_246' title='bbox 927 3330 1004 3410; x_wconf 83' lang='lat' dir='ltr'><strong>Quae</strong></span> <span class='ocrx_word' id='word_1_247' title='bbox 1036 3331 1132 3396; x_wconf 89' lang='lat' dir='ltr'><strong>llissa</strong></span> <span class='ocrx_word' id='word_1_248' title='bbox 1156 3331 1189 3396; x_wconf 91' lang='lat' dir='ltr'><strong>in</strong></span> <span class='ocrx_word' id='word_1_249' title='bbox 1214 3331 1287 3417; x_wconf 86' lang='lat' dir='ltr'><strong>ejus</strong></span> <span class='ocrx_word' id='word_1_250' title='bbox 1321 3333 1418 3400; x_wconf 78' lang='lat' dir='ltr'><strong>Festo</strong></span> <span class='ocrx_word' id='word_1_251' title='bbox 1443 3336 1481 3396; x_wconf 86' lang='lat' dir='ltr'><strong>est</strong></span> 
     </span>
    </p>

    <p class='ocr_par' dir='ltr' id='par_1_8' title="bbox 455 3416 962 3505">
     <span class='ocr_line' id='line_1_32' title="bbox 455 3416 962 3505; baseline 0.008 -24"><span class='ocrx_word' id='word_1_252' title='bbox 455 3417 659 3492; x_wconf 89' lang='lat' dir='ltr'><strong>celebranda,</strong></span> <span class='ocrx_word' id='word_1_253' title='bbox 684 3416 792 3483; x_wconf 90' lang='lat' dir='ltr'><strong>adnot.</strong></span> <span class='ocrx_word' id='word_1_254' title='bbox 818 3419 856 3483; x_wconf 91' lang='grc'><strong>11</strong></span> <span class='ocrx_word' id='word_1_255' title='bbox 885 3420 962 3505; x_wconf 83' lang='lat' dir='ltr'><strong>Apr.</strong></span> 
     </span>
    </p>
   </div>
   <div class='ocr_carea' id='block_1_5' title="bbox 409 3503 1480 3676">
    <p class='ocr_par' dir='ltr' id='par_1_9' title="bbox 409 3503 1480 3676">
     <span class='ocr_line' id='line_1_33' title="bbox 409 3503 1480 3591; baseline 0.01 -24"><span class='ocrx_word' id='word_1_256' title='bbox 409 3503 496 3569; x_wconf 92' lang='lat' dir='ltr'><strong>Libri</strong></span> <span class='ocrx_word' id='word_1_257' title='bbox 532 3504 655 3589; x_wconf 85' lang='lat' dir='ltr'><strong>Regum</strong></span> <span class='ocrx_word' id='word_1_258' title='bbox 690 3526 790 3590; x_wconf 87' lang='lat' dir='ltr'><strong>quare</strong></span> <span class='ocrx_word' id='word_1_259' title='bbox 824 3507 933 3573; x_wconf 91' lang='lat' dir='ltr'><strong>locum</strong></span> <span class='ocrx_word' id='word_1_260' title='bbox 967 3508 1133 3574; x_wconf 88' lang='lat' dir='ltr'><strong>obtineant</strong></span> <span class='ocrx_word' id='word_1_261' title='bbox 1155 3512 1233 3591; x_wconf 93' lang='lat' dir='ltr'><strong>post</strong></span> <span class='ocrx_word' id='word_1_262' title='bbox 1265 3507 1480 3578; x_wconf 75' lang='lat' dir='ltr'><strong>Pentecosten,</strong></span> 
     </span>
     <span class='ocr_line' id='line_1_34' title="bbox 455 3593 785 3676; baseline 0.012 -21"><span class='ocrx_word' id='word_1_263' title='bbox 455 3612 526 3676; x_wconf 89' lang='lat' dir='ltr'><strong>pag.</strong></span> <span class='ocrx_word' id='word_1_264' title='bbox 553 3593 616 3659; x_wconf 84' lang='grc'><strong>669</strong></span> <span class='ocrx_word' id='word_1_265' title='bbox 641 3593 674 3657; x_wconf 89' lang='grc'><strong>16</strong></span> <span class='ocrx_word' id='word_1_266' title='bbox 698 3602 785 3659; x_wconf 87' lang='lat' dir='ltr'><strong>nota.</strong></span> 
     </span>
    </p>
   </div>
   <div class='ocr_carea' id='block_1_6' title="bbox 409 3677 1477 3833">
    <p class='ocr_par' dir='ltr' id='par_1_10' title="bbox 409 3677 1477 3833">
     <span class='ocr_line' id='line_1_35' title="bbox 409 3677 1477 3831; baseline 0.003 -91"><span class='ocrx_word' id='word_1_267' title='bbox 409 3677 496 3778; x_wconf 77' lang='lat' dir='ltr'><strong>Libri</strong></span> <span class='ocrx_word' id='word_1_268' title='bbox 521 3679 735 3831; x_wconf 54' lang='lat' dir='ltr'><strong>Satpientiales</strong></span> <span class='ocrx_word' id='word_1_269' title='bbox 759 3701 818 3748; x_wconf 88' lang='lat' dir='ltr'><strong>eur</strong></span> <span class='ocrx_word' id='word_1_270' title='bbox 840 3701 951 3749; x_wconf 90' lang='lat' dir='ltr'><strong>mense</strong></span> <span class='ocrx_word' id='word_1_271' title='bbox 974 3683 1109 3769; x_wconf 80' lang='lat' dir='ltr'><strong>Augusti</strong></span> <span class='ocrx_word' id='word_1_272' title='bbox 1132 3681 1301 3767; x_wconf 88' lang='lat' dir='ltr'><strong>legantur,</strong></span> <span class='ocrx_word' id='word_1_273' title='bbox 1328 3703 1402 3771; x_wconf 90' lang='lat' dir='ltr'><strong>pag.</strong></span> <span class='ocrx_word' id='word_1_274' title='bbox 1429 3679 1477 3747; x_wconf 81' lang='grc'><strong>661</strong></span> 
     </span>
     <span class='ocr_line' id='line_1_36' title="bbox 456 3785 600 3833; baseline 0.035 -5"><span class='ocrx_word' id='word_1_275' title='bbox 456 3785 488 3828; x_wconf 83' lang='grc' dir='ltr'><strong>ιιι</strong></span> <span class='ocrx_word' id='word_1_276' title='bbox 514 3786 555 3831; x_wconf 92' lang='lat' dir='ltr'><strong>no</strong></span> <span class='ocrx_word' id='word_1_277' title='bbox 571 3788 600 3833; x_wconf 90' lang='lat' dir='ltr'><strong>a.</strong></span> 
     </span>
    </p>
   </div>
   <div class='ocr_carea' id='block_1_7' title="bbox 409 3851 1479 4121">
    <p class='ocr_par' dir='ltr' id='par_1_11' title="bbox 409 3851 1479 4121">
     <span class='ocr_line' id='line_1_37' title="bbox 409 3851 1478 3957; baseline 0.014 -43"><span class='ocrx_word' id='word_1_278' title='bbox 409 3851 546 3935; x_wconf 84' lang='lat' dir='ltr'><strong>Lignum</strong></span> <span class='ocrx_word' id='word_1_279' title='bbox 570 3854 602 3920; x_wconf 88' lang='lat' dir='ltr'><strong>S.</strong></span> <span class='ocrx_word' id='word_1_280' title='bbox 621 3855 742 3957; x_wconf 78' lang='lat' dir='ltr'><strong>Crucis.</strong></span> <span class='ocrx_word' id='word_1_281' title='bbox 767 3855 844 3936; x_wconf 88' lang='lat' dir='ltr'><strong>Quae</strong></span> <span class='ocrx_word' id='word_1_282' title='bbox 867 3861 1048 3925; x_wconf 81' lang='lat' dir='ltr'><strong>reverentia</strong></span> <span class='ocrx_word' id='word_1_283' title='bbox 1072 3857 1177 3924; x_wconf 91' lang='lat' dir='ltr'><strong>eidem</strong></span> <span class='ocrx_word' id='word_1_284' title='bbox 1210 3868 1264 3924; x_wconf 88' lang='lat' dir='ltr'><strong>est</strong></span> <span class='ocrx_word' id='word_1_285' title='bbox 1296 3855 1478 3929; x_wconf 73' lang='lat' dir='ltr'><strong>exhibenda,</strong></span> 
     </span>
     <span class='ocr_line' id='line_1_38' title="bbox 452 3939 1479 4034; baseline 0.01 -30"><span class='ocrx_word' id='word_1_286' title='bbox 452 3939 562 4004; x_wconf 92' lang='lat' dir='ltr'><strong>adnot.</strong></span> <span class='ocrx_word' id='word_1_287' title='bbox 587 3943 606 4005; x_wconf 92' lang='grc'><strong>6</strong></span> <span class='ocrx_word' id='word_1_288' title='bbox 631 3944 704 4030; x_wconf 81' lang='lat' dir='ltr'><strong>ltlaJi</strong></span> <span class='ocrx_word' id='word_1_289' title='bbox 727 3965 759 4010; x_wconf 93' lang='lat' dir='ltr'><strong>n.</strong></span> <span class='ocrx_word' id='word_1_290' title='bbox 783 3944 836 4011; x_wconf 90' lang='grc'><strong>111.</strong></span> <span class='ocrx_word' id='word_1_291' title='bbox 861 3947 911 4012; x_wconf 84' lang='lat' dir='ltr'><strong>An</strong></span> <span class='ocrx_word' id='word_1_292' title='bbox 944 3954 1017 4034; x_wconf 91' lang='lat' dir='ltr'><strong>post</strong></span> <span class='ocrx_word' id='word_1_293' title='bbox 1049 3946 1136 4011; x_wconf 92' lang='lat' dir='ltr'><strong>illius</strong></span> <span class='ocrx_word' id='word_1_294' title='bbox 1169 3948 1410 4034; x_wconf 87' lang='lat' dir='ltr'><strong>expositionem</strong></span> <span class='ocrx_word' id='word_1_295' title='bbox 1437 3939 1479 4007; x_wconf 76' lang='lat' dir='ltr'><strong>vel</strong></span> 
     </span>
     <span class='ocr_line' id='line_1_39' title="bbox 450 4030 1477 4121; baseline 0.004 -28"><span class='ocrx_word' id='word_1_296' title='bbox 450 4047 691 4114; x_wconf 78' lang='lat' dir='ltr'><strong>processionem</strong></span> <span class='ocrx_word' id='word_1_297' title='bbox 723 4034 862 4121; x_wconf 89' lang='lat' dir='ltr'><strong>populus</strong></span> <span class='ocrx_word' id='word_1_298' title='bbox 886 4054 960 4102; x_wconf 90' lang='lat' dir='ltr'><strong>eum</strong></span> <span class='ocrx_word' id='word_1_299' title='bbox 992 4055 1029 4102; x_wconf 92' lang='lat' dir='ltr'><strong>eo</strong></span> <span class='ocrx_word' id='word_1_300' title='bbox 1061 4033 1210 4101; x_wconf 89' lang='lat' dir='ltr'><strong>benedici</strong></span> <span class='ocrx_word' id='word_1_301' title='bbox 1241 4034 1384 4115; x_wconf 86' lang='lat' dir='ltr'><strong>debeat,</strong></span> <span class='ocrx_word' id='word_1_302' title='bbox 1412 4030 1477 4102; x_wconf 88' lang='lat' dir='ltr'><strong>tbid.</strong></span> 
     </span>
    </p>
   </div>
   <div class='ocr_carea' id='block_1_8' title="bbox 0 0 1763 4875">
    <p class='ocr_par' dir='ltr' id='par_1_12' title="bbox 0 0 1763 4875">
     <span class='ocr_line' id='line_1_40' title="bbox 0 0 1763 4875; baseline 0 0"><span class='ocrx_word' id='word_1_303' title='bbox 0 0 1763 4875; x_wconf 95' lang='lat' dir='ltr'><strong> </strong></span> 
     </span>
    </p>
   </div>
  </div>
 </body>
</html>
