3484 4875
362 480 428 547 tro
679 499 854 544 eunonium
870 499 900 545 ru
917 497 1074 543 nnvnuruu

343 604 603 680 Hebdomadam,
627 626 750 671 necnon
773 606 869 671 llissa
895 604 1018 688 Vigiliae
1051 603 1253 677 NatIvitatis;
1282 602 1306 665 in
1327 598 1353 664 hb

341 698 458 783 quippe
483 715 558 761 usus
581 694 765 759 Dalmaticae
788 715 824 759 ac
841 694 1024 769 Tuuioellae,
1041 691 1161 775 Orgaui
1185 690 1354 756 modulatioet
1389 737 1409 772 ‚n

342 786 459 851 floreus
477 783 595 849 Altaris
619 791 750 847 ornatus
773 784 880 847 locum
903 781 1008 846 babet.
1027 781 1157 846 Attende
1181 802 1249 865 petre
1267 797 1355 866 poeno
1389 804 1406 861 ς.

344 873 469 939 aeu'mus
491 876 523 935 ie
546 870 647 935 Feriis
670 880 698 934 et
721 870 810 935 nom.
837 870 1092 955 Orrodrapesimoe
1114 892 1145 933 u.
1170 869 1201 933 t.
1393 925 1408 950 .·-.

410 962 439 1026 b.
466 961 500 1024 In
524 958 633 1025 Officio
656 958 760 1023 feriali
783 960 844 1024 boe
868 967 1023 1044 tempore,
1047 957 1264 1022 luvitatorium
1283 962 1307 1017 et
1323 949 1356 1035 Hp

344 1069 439 1115 mnus
462 1056 537 1113 sunt
557 1050 603 1113 uti
620 1049 651 1113 in
672 1047 835 1113 Dominica
851 1047 1055 1133 praecedeuti,
1072 1046 1260 1132 Antiphone
1274 1038 1358 1107 etPsd
1406 1095 1410 1121 ,

345 1138 390 1204 mi
415 1136 453 1201 de
477 1137 590 1211 Herio,
613 1136 641 1218 l.
667 1136 705 1200 de
728 1135 874 1201 Adventu
897 1144 932 1201 ut
955 1134 1081 1200 ibidem.
1107 1134 1271 1199 Absolutio
1291 1138 1315 1193 et
1329 1126 1359 1189 le·
1393 1175 1412 1214 ys,

346 1225 543 1291 nedictiones
560 1223 760 1300 adhibentur,
777 1232 873 1309 prout
888 1223 1095 1289 indicavimus
1113 1231 1186 1309 post
1204 1217 1360 1307 Epiphaniae
1391 1277 1406 1303 .-.

346 1335 377 1379 n.
405 1315 455 1379 15.
479 1313 645 1378 Lectiones
669 1314 829 1398 propriae,
861 1333 898 1378 ae
929 1313 980 1398 ild.
1005 1312 1035 1376 in
1061 1311 1129 1376 dies
1162 1312 1295 1394 singulos
1314 1302 1361 1369 adsi
1402 1331 1409 1391 p

347 1411 496 1486 guantur.
513 1402 562 1466 Ad
585 1401 708 1465 Laudes
732 1402 920 1487 Antiphonae
945 1411 975 1465 et
992 1400 1111 1464 Psalmi
1137 1420 1153 1463 e
1177 1399 1265 1464 Feria
1280 1409 1362 1460 sunu

345 1499 408 1555 tur.
433 1492 582 1555 Attamen
606 1491 637 1555 iu
661 1511 715 1556 sex
738 1489 838 1555 Heriis
862 1499 936 1554 ante
959 1488 1107 1571 Vigiliam
1131 1486 1310 1558 Natiuitatis,
1327 1481 1361 1544 An·
1396 1559 1400 1566 Ι

345 1579 485 1665 tiphonae
510 1579 549 1643 ad
573 1577 696 1644 Laudes
719 1580 857 1664 propria
881 1578 1047 1642 habentur.
1071 1576 1216 1663 Hymnus
1239 1582 1268 1639 et
1287 1573 1365 1655 Asuvi
1396 1616 1410 1654 ,-

346 1667 385 1732 de
416 1667 580 1732 Dominica
611 1668 713 1752 prima
743 1667 915 1731 Adventus.
946 1664 1126 1749 Autipboua
1163 1665 1204 1729 ad
1233 1658 1366 1728 Benedicta
1396 1706 1399 1722 ς

344 1757 475 1840 propria
498 1764 556 1819 est.
581 1752 690 1819 Oratio
714 1754 886 1821 Dominicae
909 1756 1079 1839 praeterite
1103 1756 1137 1817 in
1160 1753 1259 1817 Feriis
1281 1762 1365 1834 quoqtl
1409 1799 1413 1831 Ξ

346 1844 511 1917 recitatur,
536 1843 596 1907 nisi
613 1844 742 1929 propria
758 1843 851 1920 adsit,
867 1852 902 1909 ut
917 1845 949 1907 iu
967 1841 1109 1920 Quatuor
1126 1827 1368 1925 Temporibusll

347 1930 450 1996 Horas
480 1932 619 1995 minores
650 1931 840 2017 Antiphonae
871 1940 1023 2018 petuntur
1046 1950 1084 1995 ex
1107 1929 1267 1994 Laudibus
1288 1938 1368 2012 praet
1401 1958 1409 2007 ι,

349 2019 452 2085 dentis
476 2020 659 2096 Dominicae,
675 2021 801 2105 quando
818 2041 876 2106 pro
892 2019 1051 2086 Laudibus
1075 2018 1176 2083 Ferioe
1202 2018 1309 2083 desunt
1325 2026 1370 2098 prr
1406 2071 1410 2084 .

346 2109 447 2195 priae;
471 2118 566 2193 atque
590 2109 622 2173 iu
657 2110 721 2174 illis
755 2109 879 2175 videtur
914 2107 1125 2173 omittendum
1160 2126 1231 2172 esse
1253 2100 1371 2185 Alleluia,

345 2207 516 2283 propterea
540 2197 624 2281 qnod
647 2198 701 2264 illo
726 2206 856 2263 careant
879 2198 974 2262 etiam
998 2195 1189 2280 Antiphonae
1213 2193 1372 2286 ferialestt·
1407 2245 1413 2276 ‚

347 2288 475 2371 toroqui
498 2286 718 2361 solemniores,
741 2287 773 2351 in
805 2307 860 2351 sex
884 2285 984 2351 Feriis
1015 2293 1088 2350 ante
1112 2284 1261 2367 vigiliam
1292 2278 1372 2346 Nato
1411 2325 1413 2329 -

348 2377 433 2440 tatis.
466 2375 518 2440 Sic
548 2375 701 2440 Telemus.
726 2374 886 2460 Capitale,
911 2395 981 2462 quae
1004 2380 1122 2459 praesto
1154 2382 1230 2437 sunt
1258 2372 1290 2436 in
1315 2362 1375 2431 reu
1409 2419 1413 2436 .

349 2463 489 2529 secunda
512 2463 684 2528 Dominieae
709 2464 819 2547 primae
835 2464 1012 2538 Adventus
1036 2470 1234 2548 usurpantur
1249 2463 1280 2526 iu
1301 2451 1376 2523 Officio

350 2550 453 2617 feriali
482 2573 583 2638 usque
612 2553 652 2617 ad
676 2552 823 2636 Vigiliam
852 2553 1042 2617 Nativitatis
1066 2551 1114 2616 Ad
1144 2550 1269 2615 Laudes
1296 2555 1377 2628 eree

346 2640 448 2706 Horas
481 2641 639 2726 (excepta
662 2640 776 2724 Vigilia
799 2639 1005 2727 Natiuitatis)
1037 2639 1153 2704 Preces
1176 2637 1302 2704 feriales
1322 2629 1374 2698 reei-

348 2738 457 2795 tantnr
473 2729 561 2794 llexis
579 2730 721 2813 genibus
734 2730 873 2813 itemque
890 2729 929 2795 ad
943 2729 1109 2814 Vesperas,
1127 2728 1155 2792 si
1172 2728 1251 2812 ipsae
1268 2718 1378 2792 delerit

347 2819 421 2893 sint,
444 2819 475 2881 in
500 2819 615 2901 quibus
638 2818 827 2903 Antipbouae
850 2826 882 2882 et
904 2818 1023 2882 Psalmi
1046 2818 1227 2881 recitantur
1251 2836 1267 2881 e
1289 2810 1378 2878 Psalte·

347 2906 406 2976 rio.
430 2905 610 2990 Capitulum
634 2907 751 2990 legitur
774 2915 809 2971 ut
831 2926 940 2991 supra,
963 2905 1143 2990 Antiphona
1169 2904 1211 2968 ad
1235 2899 1380 2988 Mupoifiod

348 3000 397 3057 est
428 2995 579 3078 propria,
603 2992 711 3059 Oratio
747 3003 853 3061 autem
889 2995 927 3060 de
961 2994 1154 3081 praecedenti
1178 2983 1381 3059 [lominicall

349 3080 555 3147 Hebdomada
578 3083 671 3148 tertia
695 3083 857 3148 Adventus
881 3090 1052 3150 recurrunt
1075 3080 1220 3160 Quatnor
1244 3082 1381 3164 Tempora

346 3190 405 3255 pro
430 3171 555 3255 quibus,
579 3181 697 3257 praeter
720 3172 901 3248 antedicta,
926 3173 1054 3237 consule
1079 3169 1163 3255 quod
1189 3171 1335 3235 traditum
1353 3167 1383 3227 etl

348 3259 380 3324 in
404 3259 576 3324 Dominicis
600 3268 632 3325 et
655 3259 755 3325 Heriis
779 3260 978 3345 Septembris
1001 3281 1032 3324 n.
1056 3259 1077 3323 ‘A
1101 3268 1133 3323 et
1157 3259 1187 3325 5.
1213 3251 1383 3324 Tandenil

347 3348 481 3432 singulis
505 3347 605 3413 Feriis
628 3348 776 3414 secundis
799 3349 983 3424 Adventus,
1006 3348 1060 3413 ubi
1085 3355 1200 3431 agatur
1224 3345 1331 3413 leriale
1349 3335 1383 3406 dl·

346 3435 475 3510 licium,
500 3436 616 3502 dieitur
639 3435 783 3502 Officium
806 3436 1055 3510 Defunctorum3
1086 3457 1150 3500 non
1176 3446 1283 3502 tamen
1304 3435 1333 3498 in
1350 3426 1385 3493 li·
1411 3484 1413 3501 .

348 3525 422 3677 gilip
446 3525 647 3678 Napvitatis‚
680 3526 707 3590 si
738 3526 856 3591 incidat
883 3529 915 3591 in
938 3526 1062 3590 Feriam
1094 3525 1281 3591 secundam.
1304 3518 1386 3603 beleel

347 3634 373 3676 e.
441 3636 471 3677 o.
520 3664 527 3678 .

413 3701 442 3765 7.
466 3700 500 3765 Si
516 3699 598 3767 infra
621 3701 843 3768 Hebdomadas
859 3703 1021 3768 Adventus
1037 3700 1175 3784 legenda
1192 3702 1237 3767 sit
1260 3701 1345 3767 llissa
1357 3691 1384 3759 de

346 3786 448 3862 Paria,
464 3792 637 3856 resumitur
654 3791 748 3856 Missa
765 3791 936 3857 Dominieae
960 3790 1182 3877 praecedentis,
1200 3792 1263 3856 nisi
1284 3782 1387 3876 propria

346 3882 505 3962 suppetat,
530 3886 563 3942 ut
587 3880 617 3944 in
642 3877 784 3958 Quatuor
807 3878 1033 3966 Temporibus;
1051 3888 1124 3964 post
1148 3878 1308 3946 Graduale
1328 3890 1386 3961 pre-

347 3965 534 4031 termittitur
556 3967 703 4053 Alleluia,
720 3969 747 4050 l.
765 3990 913 4054 sequeus,
937 3976 1032 4052 atque
1048 3966 1251 4054 Symbolum.
1270 3965 1354 4033 Rubr.
1367 3959 1388 4022 it

347 4051 755 4123 uenenariorum
789 4065 839 4124 est
862 4057 1062 4132 eommunis;
1098 4057 1227 4145 reliqua
1261 4065 1295 4124 ut
1314 4064 1389 4138 suprt
