3484 4875
481 509 575 555 eccur
591 509 631 554 nv.
647 508 685 554 ιιι
701 507 918 554 rmusnanonn
934 508 1084 555 nnsnonuu
1247 487 1290 553 53

331 616 345 679 l
372 636 398 681 c.
424 615 444 682 8
461 636 489 701 q.
509 615 562 682 ld.
579 616 659 681 llam
677 615 814 690 unicum,
832 614 915 702 quod
933 615 1108 702 cuijuspiam
1126 612 1234 680 Sancti
1250 613 1309 682 ne-

327 724 338 768 1
361 705 490 789 agitur,
512 706 624 791 procul
649 704 743 770 dubio
767 705 989 772 secundarium
1013 725 1083 772 essa
1107 705 1232 789 nequit,
1255 704 1313 771 sod

328 813 381 877 per
405 794 466 858 erit
491 794 687 880 primarium.

328 881 384 948 lll.¹
409 882 553 967 Dignilas
571 881 713 966 insignis
730 902 791 967 qua
808 883 948 949 eminent
968 882 1060 948 Festa
1085 880 1229 967 quasdam
1252 879 1312 947 hoc

328 991 381 1036 no:
408 970 452 1036 l.⁰
470 971 563 1037 Festa
581 970 714 1037 Domini.
739 971 783 1036 2⁰
800 970 942 1057 Deiparro
958 970 1107 1055 Virginis.
1125 970 1168 1034 5?
1186 970 1234 1035 Ss.
1250 970 1310 1035 dn·

329 1079 411 1126 rum.
437 1060 481 1126 l?
503 1059 535 1126 S.
553 1059 683 1125 Joannis
707 1060 866 1145 Baptistae.
893 1061 935 1125 55’
952 1059 983 1126 S.
1000 1058 1116 1146 Joscph
1140 1057 1255 1143 Sponsi
1277 1057 1310 1121 B.

328 1149 401 1238 46?
418 1148 469 1215 Ss.
486 1150 713 1235 Apostolorum
730 1158 762 1214 ct
777 1148 1059 1233 Evangelistarum.
1077 1147 1151 1214 Haeo
1169 1145 1311 1234 praelatio

328 1461 363 1505 on
386 1451 455 1504 sunt
475 1442 594 1504 strictim
617 1441 742 1513 addicti,
764 1442 818 1502 atsi
841 1452 927 1521 quaeat
949 1443 1057 1504 ratione
1079 1442 1182 1525 objecti
1204 1442 1312 1521 prima-

342 1543 421 1597 esse,
443 1523 552 1585 cutione
575 1532 669 1584 tamen
691 1523 794 1595 Tituli,
816 1524 870 1584 sub
893 1542 948 1603 quo
972 1532 1078 1583 inritum
1101 1532 1234 1602 respectu
1257 1526 1314 1597 (ut

328 1605 510 1684 opponitur)
536 1603 571 1664 ab
601 1602 656 1662 illis
678 1602 886 1663 celebrandum
915 1612 957 1663 est.
978 1602 1109 1665 Officium
1139 1611 1167 1665 el
1195 1603 1312 1683 quidem

329 1684 433 1761 duplici
458 1690 470 1746 l
489 1685 601 1748 classis,
624 1702 678 1743 non
701 1692 744 1741 cst
765 1683 820 1741 nisi
844 1684 1047 1744 secundarium
1071 1694 1167 1762 utpota
1182 1685 1312 1745 Titulcia

328 1765 382 1825 sire
403 1784 459 1826 non
485 1762 885 1843 proprioe3q¹1emudmodum
909 1782 1025 1824 rursum
1050 1763 1208 1826 declaravit
1229 1768 1257 1824 S.
1278 1768 1311 1825 ll.
1340 1800 1342 1803 -

328 1848 361 1905 lic
385 1849 424 1907 di
447 1844 524 1920 Mnji
543 1846 618 1906 latta
640 1847 671 1902 ιἰι
693 1863 753 1902 uno
777 1845 849 1903 Ord.
872 1844 944 1903 Min.
963 1846 1081 1904 Obseru.
1099 1847 1138 1905 od
1160 1846 1200 1920 3)
1216 1845 1312 1925 quoad

328 1944 356 1985 m
388 1925 581 1986 Dedicntiunis
604 1924 738 1985 Ecclesia
759 1924 937 1985 Cullledrulis
958 1925 993 1983 ab
1017 1924 1050 1983 iis
1073 1925 1235 2001 agendum,
1259 1925 1310 2005 qui

328 2026 335 2065 ι
360 2022 416 2066 non
438 2013 506 2065 sulit
526 2004 664 2065 obstricti.
687 2009 760 2080 Ergo
787 2004 892 2063 ducitur
914 2022 1017 2075 casus,
1047 2005 1073 2064 in
1097 2005 1203 2085 quibus
1225 2010 1308 2068 Festa

328 2082 379 2144 uia
407 2085 534 2145 eradunt
561 2083 751 2156 secundaria,
780 2102 811 2143 oc
835 2082 980 2159 vicissiln3
1004 2084 1127 2165 ideoque
1149 2094 1240 2146 cessat
1260 2085 1305 2147 in·

328 2164 423 2225 rodum
445 2165 522 2244 quod
544 2164 726 2225 adversarius
749 2162 982 2224 comminiscitur.

328 2244 452 2306 includit
472 2245 588 2305 donnum
611 2242 658 2303 illc
680 2249 785 2304 Auctor
809 2244 860 2304 lucc
884 2250 965 2321 pacto
985 2244 1008 2303 si
1030 2247 1059 2305 S.
1081 2247 1115 2304 ll.
1130 2248 1160 2306 C.
1179 2252 1307 2305 statuere

329 2333 375 2387 sat
404 2334 435 2386 ut
465 2324 601 2403 primaria
622 2327 704 2385 Festo
726 2342 842 2401 sempor
865 2325 958 2383 locent
984 2324 1067 2383 retium
1090 2323 1216 2401 duplicia
1239 2323 1301 2402 pri·

332 2406 408 2479 ‚alia
432 2423 502 2465 vcro
525 2406 616 2466 locent
631 2422 745 2482 semper
766 2403 892 2482 diiplicia
914 2404 1092 2474 secundario,
1108 2404 1147 2464 uti
1171 2422 1222 2466 nos
1239 2420 1306 2483 pro·

328 2505 415 2558 rmus,
437 2486 584 2564 proprium
606 2503 673 2544 sane
695 2492 868 2545 coarctasset
888 2486 1099 2559 auctoritatcm3
1117 2483 1163 2544 illa
1186 2483 1307 2546 enimin

329 2566 464 2646 ypotlacsi
480 2584 624 2646 antiquam
648 2573 742 2642 possut
755 2568 871 2625 Festum
894 2563 1096 2624 secundarium
1112 2566 1308 2626 adnumerare

332 2645 459 2726 duplicia
483 2644 630 2725 primaria,
653 2664 745 2723 nequo
768 2664 783 2704 e
805 2662 963 2718 converso;
987 2650 1063 2724 atqul
1087 2645 1142 2705 hoc
1163 2646 1307 2706 absonum

332 2736 384 2788 cst.
408 2728 483 2786 Tum
506 2728 614 2806 quippe
636 2725 682 2785 illa
707 2727 800 2786 lacere
822 2733 918 2802 posset
941 2723 1042 2803 nudus,
1058 2743 1113 2785 non
1137 2735 1232 2786 aulam
1256 2723 1309 2786 mi·

329 2822 437 2882 nempe
461 2815 557 2884 posset
576 2806 690 2866 eleazare
711 2806 817 2883 duplex
839 2822 854 2862 a
877 2805 968 2865 classo
998 2805 1204 2866 fundamentali
1227 2805 1302 2867 inia-

328 2885 363 2946 ud
383 2888 506 2948 clussem
529 2886 769 2946 fundamentalem
792 2884 990 2963 superiorem,
1013 2902 1039 2945 v.
1062 2903 1104 2964 gr.
1126 2905 1141 2947 a
1167 2884 1223 2951 ritu
1247 2887 1303 2947 du·

328 2966 464 3027 telassis
493 2966 635 3027 adcitum
663 2964 808 3042 duplicem
840 2969 852 3026 l
878 2964 997 3041 clossis3
1027 2984 1082 3026 unu
1105 2975 1203 3046 posset
1231 2983 1302 3028 reso

328 3065 352 3106 ὀ
377 3044 486 3125 duplex
508 3064 523 3105 u
545 3048 636 3107 clusse
657 3045 822 3107 subalterno
852 3046 887 3104 nd
910 3045 1029 3107 classem
1052 3046 1171 3108 alteram
1195 3045 1305 3126 puriter

329 3144 453 3198 ernam;
487 3127 562 3205 quod
596 3126 731 3203 implicat.
753 3157 791 3168 -
813 3129 897 3202 llesp.
919 3128 1013 3186 niuniu
1036 3126 1096 3187 haec
1124 3126 1153 3187 in
1186 3125 1304 3189 irritum

328 3225 335 3266 ι
364 3225 402 3267 ex
424 3206 600 3267 antecedenti
625 3204 820 3284 responsione.
844 3207 914 3265 Num
937 3225 1002 3267 cuni
1025 3205 1063 3266 ibi
1087 3206 1240 3284 probatum
1264 3204 1302 3268 ait

328 3305 348 3347 n
369 3287 574 3348 secundarium
596 3285 719 3346 cruciere
743 3303 826 3362 posse
849 3285 1030 3363 primarium.
1045 3294 1073 3347 al
1094 3286 1213 3367 quidum
1237 3285 1301 3363 lage

328 3385 374 3441 ·a;
401 3367 461 3448 jam
489 3366 574 3426 simul
604 3365 714 3444 patuit,
742 3369 856 3426 Festum
878 3366 1081 3426 secundarium
1112 3365 1301 3429 adirumeraai

336 3448 412 3508 inter
433 3446 558 3524 dupiicia
582 3446 735 3525 primaria,
755 3463 806 3506 seu
828 3463 843 3504 a
865 3445 956 3506 classe
977 3445 1142 3506 subalterna
1166 3442 1300 3505 interiori

328 3547 352 3588 ἐ
374 3527 412 3587 ad
434 3527 553 3586 classem
575 3526 769 3586 sirbulternnm
791 3524 982 3602 superiorem.
1008 3530 1148 3586 l’raeterec
1170 3527 1199 3586 S.
1216 3527 1249 3586 ll.
1267 3525 1299 3585 c.

340 3625 460 3685 semper
475 3614 502 3666 et
516 3607 617 3687 quanvis
634 3605 661 3665 in
677 3605 827 3684 hypothesi
844 3614 1010 3683 potestatem
1027 3604 1130 3666 retinet
1143 3602 1303 3683 privilegiis

328 3687 350 3748 li
374 3705 566 3766 quoeciunque
581 3690 673 3756 Festo,
696 3706 727 3746 ac
750 3683 864 3746 edicere
880 3704 933 3763 pro
958 3684 1047 3747 lubitu
1063 3703 1115 3745 suo
1138 3692 1169 3745 ut
1183 3688 1299 3746 Festum

329 3767 437 3828 larium
453 3767 623 3845 prcalcmtnr
639 3764 759 3844 reliquis
774 3765 864 3825 Fusiis
880 3764 1008 3845 cjrrsdcm
1026 3765 1097 3826 ritus
1112 3764 1301 3845 quantumvis

328 3846 380 3908 riis
406 3854 436 3906 et
454 3846 704 3906 solemnioribus?
728 3848 825 3906 Nonne
848 3844 954 3907 alicubi
983 3845 1123 3928 ejusmodi
1147 3843 1301 3924 privilegio

328 3926 398 3987 itum
420 3934 463 3986 est
477 3929 592 3986 Festum
614 3925 816 3986 secundarium
838 3930 887 3988 SS·
910 3927 1010 3988 Cordis
1032 3924 1125 3990 lesu?
1142 3928 1241 3988 Nonne
1262 3941 1301 3986 ex

328 4006 386 4084 egio
419 4005 446 4067 iu
467 4005 592 4068 Ecclesia
622 4004 777 4068 universali
808 4008 923 4066 Festum
957 4006 1065 4085 puriter
1096 4003 1300 4067 secundarium

328 4103 348 4148 n
370 4085 509 4148 notorum
530 4089 561 4149 ll.
584 4089 621 4149 ll.
637 4090 683 4168 V„
705 4085 770 4149 licet
790 4084 827 4147 sit
846 4086 954 4167 duplex
978 4084 1080 4166 majus,
1100 4085 1191 4150 Festis
1212 4083 1324 4151 omni·
