3484 4875
710 606 1019 678 AHHOTATIONHS
1049 617 1053 621 '

602 778 658 844 tn
698 777 867 845 Festo
907 779 1130 864 Aprilis

336 972 407 1042 [lies
428 974 539 1043 Mensis
561 974 592 1040 2.
615 1009 660 1022 -··
682 973 730 1039 nb
754 972 906 1040 Oratione
928 973 961 1042 S.
977 974 1140 1042 Francisei
1163 973 1199 1040 de
1219 971 1295 1039 Paula
1308 989 1334 1036 u·
1367 1006 1381 1056 .'

380 1063 549 1152 pungenda
572 1070 622 1129 est
643 1082 703 1127 vux
725 1062 763 1127 de
786 1062 897 1129 Paulo.
921 1064 952 1129 S.
977 1064 1013 1129 R.
1040 1064 1072 1130 G.
1096 1064 1139 1130 bl
1163 1062 1229 1129 Dee.
1250 1060 1336 1128 ltili
1368 1060 1381 1101 ᾗ

379 1176 442 1221 ono
469 1152 567 1218 Orbis.
595 1151 631 1217 ln
654 1149 857 1218 Orationibus
880 1152 963 1218 enim
988 1154 1094 1218 lucum
1119 1148 1336 1219 solummodum·
1369 1145 1381 1226 [l

378 1243 456 1310 bunt
478 1241 607 1328 propria
624 1239 814 1306 Sanctorum
838 1242 977 1318 nomina,
995 1243 1060 1307 sive
1076 1242 1133 1308 illa
1152 1241 1288 1327 simplicia
1300 1238 1338 1309 siut
1378 1239 1381 1263 ¹

347 1371 349 1375 .
379 1332 444 1398 sive
461 1330 609 1415 duplicia,
627 1337 661 1394 ut
678 1328 787 1394 Petrus
805 1330 990 1406 Coetestiuus,
1007 1329 1129 1395 luuunu
1144 1329 1291 1396 Frentum
1302 1333 1341 1398 uu.
1370 1329 1381 1340 ''

380 1429 449 1486 tum
472 1422 567 1485 etiam
592 1417 729 1501 dignitas
752 1418 903 1506 Apostoli,
920 1418 1132 1505 Houopelistae,
1148 1418 1289 1505 Martyris,
1300 1414 1342 1480 ru
1370 1416 1381 1458 l

380 1507 687 1596 lisseiacensem,
705 1505 847 1592 Hirpinis,
863 1527 901 1572 au
913 1517 1067 1594 praeterea
1078 1507 1176 1594 dapis,
1190 1506 1343 1593 Regiorum
1370 1508 1381 1562 i

380 1599 457 1662 item
481 1597 595 1661 Patriae
619 1596 745 1661 numina
770 1593 823 1680 (si
846 1616 941 1661 unam
965 1597 1104 1683 excipias
1128 1594 1161 1662 S.
1186 1596 1280 1661 Haria
1296 1592 1345 1674 Hat-

333 1701 337 1708 ·
383 1685 504 1751 datenae
528 1682 748 1769 Orationem),
771 1685 818 1749 uti
842 1683 880 1748 de
907 1684 1048 1761 Cortona,
1073 1706 1092 1749 u
1120 1685 1299 1773 Cupistrunu,
1313 1677 1345 1745 du

379 1794 569 1861 pomuueuus
592 1780 664 1846 etu.;
688 1792 790 1857 neque
813 1772 1012 1857 Regnorum,
1037 1774 1152 1861 quibus
1176 1772 1288 1846 Sancti,
1305 1767 1346 1833 don
1372 1770 1381 1797 '·

377 1863 540 1937 uiuerent,
564 1862 779 1947 imperarunt,
803 1870 838 1926 ut
860 1862 1038 1939 Hunorum,
1062 1862 1225 1927 Scotorum
1246 1868 1302 1932 etu.;
1317 1874 1346 1920 ne
1378 1860 1381 1936 ζ

383 1970 444 2035 que
468 1951 597 2035 insuper
620 1948 811 2014 Sanctorum
835 1948 1027 2033 Cognomina
1055 1951 1152 2016 etiam
1176 1949 1238 2016 latu
1259 1950 1348 2030 sumptu

383 2047 419 2103 nt
442 2047 517 2124 puta
547 2038 585 2103 de
607 2038 732 2116 Motbu,
755 2061 778 2104 u
801 2038 915 2115 Crunoe,
945 2060 964 2102 o
992 2040 1023 2103 S.
1048 2038 1215 2115 Facundo,
1236 2037 1349 2105 nauso.

382 2128 540 2203 Hostilius,
563 2126 743 2202 Nonnutus,
769 2126 896 2203 Quintus
930 2126 986 2213 (in
1011 2125 1162 2193 Oratione
1186 2127 1219 2193 S.
1243 2122 1300 2211 Pii)
1315 2127 1349 2184 eu
1379 2142 1381 2146 ⁴

383 2217 415 2281 S.
440 2216 476 2282 R.
503 2215 535 2281 G.
559 2216 600 2280 25
625 2214 697 2279 lun
723 2216 807 2281 illd
830 2215 862 2279 in
884 2214 1048 2280 Hiusidleo.
1073 2216 1114 2281 ud
1137 2217 1158 2281 H
1182 2226 1210 2281 et
1233 2214 1349 2297 Hubert·

383 2305 443 2369 eol.
460 2328 490 2369 n.
507 2304 582 2369 200.
602 2302 720 2369 Verum
745 2306 904 2369 enimuero
928 2305 1116 2390 pronomina
1143 2298 1351 2392 Clrpsuutuniut

386 2393 565 2481 Cbrpsulupi
587 2392 706 2458 tributa
730 2392 779 2459 Ss.
809 2391 999 2459 Ductoribus
1022 2393 1136 2459 loanni
1161 2413 1198 2459 ae
1222 2394 1300 2459 Petro
1316 2399 1350 2453 uo

383 2484 583 2548 omittuntur.
614 2481 688 2545 Vide
718 2503 788 2567 qoae
817 2482 975 2548 declarato
1005 2493 1075 2548 sieut
1102 2483 1152 2548 die
1174 2483 1215 2548 27
1240 2481 1297 2548 lon.
1313 2468 1352 2540 ul

384 2583 412 2637 et
435 2592 565 2657 qttoeque
587 2569 802 2635 adnotabimus
826 2570 848 2636 4
870 2571 941 2636 Dee.
967 2593 995 2636 n.
1020 2571 1045 2636 Ι.
1335 2648 1339 2662 Ι

342 2659 393 2725 ll.
417 2697 461 2708 -
484 2659 518 2724 lu
542 2658 635 2724 Festo
659 2658 692 2725 S.
712 2658 826 2724 Leonis
850 2660 943 2746 Papae
966 2660 1100 2744 legenda
1124 2667 1173 2726 est
1196 2661 1283 2725 Hissa
1301 2660 1351 2720 uu

384 2748 614 2821 recentioribus
637 2746 827 2825 missalibus,
850 2769 921 2832 quae
944 2749 1112 2834 incipitis
1134 2749 1246 2826 medio,
1268 2752 1352 2833 quant

384 2836 480 2902 babet
512 2836 686 2921 Epistulam
717 2836 822 2902 luatur
853 2859 907 2902 eur
935 2858 1026 2901 surum
1058 2838 1159 2903 trudet
1188 2847 1267 2903 ete:
1297 2840 1349 2898 art

388 2923 599 2990 transferatur
621 2934 694 3010 post
710 2924 929 3002 Pentecosten,
946 2924 1102 2991 Graduale
1118 2927 1238 3013 petitur
1256 2946 1288 2990 ex
1301 2919 1347 2986 H!

387 3013 426 3077 de
450 3013 614 3078 Communi
638 3013 820 3079 Oootorum.

344 3100 394 3167 id.
419 3101 508 3166 -ν1,
533 3101 566 3165 Si
590 3101 719 3167 Festum
743 3103 775 3167 S.
799 3102 1035 3187 Hermenegildi
1057 3102 1174 3169 babeat
1203 3091 1352 3192 primaslt

386 3209 497 3277 speras
520 3190 569 3254 rel
593 3191 707 3256 saltem
732 3212 748 3256 a
773 3191 927 3276 Capitate,
951 3192 1092 3280 Hymnus
1116 3202 1164 3258 est
1190 3191 1292 3279 Repeti
1307 3181 1355 3251 solt

387 3289 418 3344 ut
442 3281 598 3364 repetitur
621 3300 747 3365 quoque
770 3281 801 3344 in
824 3280 1004 3348 Laudibus:
1041 3281 1081 3346 ad
1110 3281 1292 3348 Matutinum
1315 3283 1356 3338 tlt

387 3369 503 3432 dieitur
525 3368 668 3455 Hymnus
690 3368 791 3434 Nullis
814 3378 842 3433 te
864 3369 991 3453 punitor.
1029 3367 1118 3447 Quod
1154 3373 1181 3436 si
1216 3391 1276 3436 non
1301 3354 1357 3430 nub

386 3457 498 3542 primis
521 3456 687 3542 vesperis,
719 3457 774 3522 sed
798 3465 830 3523 et
852 3457 996 3544 Capitulu
1021 3466 1139 3533 eareat,
1165 3468 1239 3525 tune
1261 3456 1358 3543 Hynutt

387 3545 496 3632 depuli
518 3546 592 3611 solio
616 3547 646 3610 in
671 3545 835 3624 Matutino,
853 3546 994 3633 Hymnus
1017 3567 1092 3612 uero
1112 3547 1214 3613 Nullis
1238 3558 1264 3613 te
1282 3537 1359 3632 perid

386 3642 560 3718 usurpatur
584 3635 615 3698 in
639 3633 821 3712 Laudibus,
852 3634 1118 3720 quemadmodum
1150 3638 1181 3702 iu
1213 3621 1358 3721 Kalendadt

386 3742 444 3808 pro
467 3722 670 3789 Nostratibus
692 3725 915 3809 praescriptum
939 3733 997 3790 est.
1026 3724 1061 3790 ln
1086 3724 1234 3791 secundis
1255 3723 1359 3805 vespert

388 3817 514 3886 autem,
550 3813 576 3876 si
611 3811 694 3876 forte
726 3812 764 3876 de
798 3811 858 3877 huo
882 3812 975 3878 Festo
999 3813 1062 3878 sint
1085 3815 1239 3900 integrae,
1267 3809 1359 3876 iterur

386 3898 528 3984 Hymnus
552 3899 661 3987 Repuli
681 3899 756 3964 sulio
780 3900 895 3966 eto.‘S.
916 3901 950 3968 H.
975 3902 1006 3968 C.
1033 3904 1051 3967 5
1075 3902 1151 3989 Muj.
1170 3901 1254 3968 trau
1274 3901 1298 3964 in
1315 3888 1358 3958 H*

387 3986 492 4052 sidlen.
517 3997 546 4051 et
568 3988 663 4053 Rubr.
688 3989 784 4054 nostri
804 3988 919 4056 Fruar.
944 3989 1034 4057 Brea.
1059 3991 1109 4056 ibi.
1146 3990 1190 4057 Hx
1213 3990 1259 4056 bis
1285 3973 1357 4070 reguli

306 4078 323 4106 '
387 4084 504 4162 praesto
539 4084 588 4143 est
622 4077 776 4144 servanda
799 4078 831 4144 in
859 4099 953 4159 uaso,
983 4100 1045 4166 quo
1076 4080 1138 4147 duu
1163 4079 1262 4147 adsint
1281 4073 1356 4160 Hyttt'
