3484 4875
629 519 850 567 muorarronas
866 520 896 567 ru
910 519 1001 567 rusrn
1016 519 1090 569 tumr
1305 504 1368 573 888

367 628 467 695 Rubr.
491 627 535 693 tit.
562 626 601 692 lO
624 649 655 693 o.
688 628 717 693 l.
742 628 787 693 he
810 625 893 691 infra
916 626 1066 693 Octavam
1089 626 1122 693 S.
1145 627 1276 694 Joaunis
1300 638 1332 695 et
1354 628 1388 698 S.
1498 696 1503 706 ,

367 717 503 785 Patroni
524 716 574 782 vel
598 715 772 793 Titularis,
803 713 948 782 Officium
969 716 1163 803 persolvitur
1185 716 1311 783 Octava
1342 717 1389 784 di·

369 806 514 891 gaianis,
550 824 622 870 cum
645 806 946 871 commemoratione
980 806 1111 872 alterius
1145 808 1250 872 miuus
1275 807 1388 892 dignae.

372 894 503 962 Consule
526 915 551 958 e.
575 893 595 958 2
619 918 648 959 a.
674 894 726 959 58.
1336 917 1339 921 ·

414 982 465 1048 IV.
490 980 642 1059 loannes,
667 984 775 1068 quiin
799 982 926 1047 Conone
956 981 1059 1048 llissae
1082 981 1122 1048 ad
1145 982 1239 1050 Nobis
1270 1005 1391 1071 quoque

364 1071 581 1163 peccatoribus
603 1073 796 1146 nominatur,
812 1080 861 1136 est
884 1071 1021 1137 loannes
1044 1070 1197 1157 Baptista.
1213 1072 1392 1159 llapropter

369 1161 498 1247 quando
514 1161 631 1243 legitur
654 1162 721 1248 ejus
744 1160 849 1235 Missa,
865 1161 916 1225 vel
939 1161 1038 1246 ipsius
1061 1160 1096 1225 lit
1119 1162 1391 1236 commemoratio,

369 1248 413 1316 ad
442 1268 556 1314 nomen
587 1250 672 1315 istud
706 1249 921 1314 inclinandum
952 1257 1001 1314 est
1030 1257 1134 1337 caput.
1158 1250 1190 1316 S.
1221 1250 1258 1316 8.
1286 1249 1317 1316 C.
1347 1250 1389 1316 ut

369 1337 465 1405 Mart.
492 1338 576 1402 tuat
600 1337 632 1401 io
655 1337 878 1402 Panormitano
901 1336 943 1420 od
964 1336 995 1401 8.

323 1430 380 1496 25.
404 1426 507 1491 -lu
530 1425 679 1492 Oratione
703 1424 735 1492 S.
753 1424 901 1492 Gulielmi
923 1424 1056 1491 dhhatis
1077 1429 1203 1513 legatur
1223 1425 1274 1491 Ad
1296 1435 1392 1491 tereo-

370 1515 447 1581 dom
473 1514 579 1579 solutis
602 1517 702 1589 ciam,
724 1535 789 1581 uon
811 1513 861 1579 Ad
884 1514 1053 1581 terendum.
1076 1516 1125 1582 lto
1155 1514 1279 1582 Misoole
1302 1514 1391 1580 Rom.

372 1604 513 1692 typicum
535 1626 585 1668 co.
610 1604 706 1669 tuot.

324 1694 381 1762 26.
405 1692 506 1756 -Si
536 1691 821 1777 quando·Festum
851 1689 902 1757 Ss.
933 1690 1063 1757 loannis
1093 1699 1125 1759 et
1154 1692 1244 1758 Pauli
1270 1691 1392 1758 hahere

370 1780 542 1865 contigerit
569 1782 689 1866 primas
712 1781 762 1845 vel
785 1789 938 1866 utrasque
959 1780 1116 1867 Vesperas
1138 1783 1301 1865 integras,
1331 1800 1391 1867 pro

370 1869 451 1954 ipsis
478 1870 650 1934 inservient
680 1868 869 1953 Antiphonae
903 1869 1021 1935 Paulas
1051 1880 1080 1935 et
1113 1868 1392 1935 loconessam

369 1957 554 2034 Laudibus,
586 1958 625 2022 ad
657 1957 837 2044 Mopaifieot
859 1957 1040 2043 Antiphoua
1064 1960 1194 2045 propria
1225 1978 1288 2024 uua
1319 1977 1392 2024 cum

370 2044 544 2119 Oratione;
576 2047 699 2131 reliqua
730 2046 916 2111 hauriantur
940 2066 957 2110 e
982 2044 1149 2113 Communi
1179 2047 1392 2133 plurimorum

370 2135 557 2221 Martyrum.
583 2135 677 2199 Rothr.
701 2134 798 2197 austri
819 2130 934 2199 Fruar.
958 2133 1047 2198 Brea.
1408 2208 1411 2213 ,

323 2226 380 2292 87.
403 2260 449 2271 -
470 2222 493 2287 l.
518 2222 551 2287 Si
567 2223 660 2288 hodie
676 2229 822 2287 recurrat
845 2221 1030 2296 Sabbatum,
1046 2243 1128 2289 nona
1144 2222 1252 2287 Lectio
1269 2222 1330 2287 erit
1353 2220 1392 2286 de

370 2312 503 2377 homilia
525 2311 648 2396 Vigiliae
671 2331 742 2396 quae
765 2310 957 2396 anticipatur
980 2310 1029 2375 Ss.
1052 2312 1110 2398 Ap.
1127 2311 1214 2390 Petri
1237 2318 1269 2376 et
1291 2310 1392 2387 Pauli,

370 2408 467 2487 atque
497 2401 583 2467 illins
614 2399 874 2467 commemoratio
905 2399 939 2466 ut
968 2397 1067 2487 (post
1102 2400 1236 2466 alteram
1265 2397 1392 2466 Octava}

370 2489 405 2555 S.
429 2488 586 2573 loannis)
609 2491 641 2555 in
665 2488 824 2554 Laudibus
847 2496 880 2553 et
902 2489 996 2553 hlissa
1020 2509 1093 2555 cum
1128 2488 1195 2576 ejus
1219 2487 1390 2572 llvangelio

369 2577 431 2646 sub
447 2578 551 2643 Missae
567 2577 672 2654 finem,
689 2578 814 2643 etiamsi
835 2576 957 2642 incidat
972 2575 1054 2642 iufra
1070 2580 1222 2643 Octavam
1239 2577 1388 2662 Corporis

372 2665 502 2732 Christi.
539 2666 574 2731 ln
610 2667 761 2732 Ecclesiis
796 2685 893 2751 porro
927 2664 1168 2732 Cathedralihus
1204 2673 1265 2731 etc.
1300 2665 1392 2730 binas

370 2775 454 2841 opus
484 2762 532 2819 est
563 2756 719 2847 celebrari
748 2754 860 2820 llissas
884 2753 1134 2832 Conventnales‚
1166 2761 1201 2822 ut
1230 2753 1313 2822 inlra
1342 2753 1393 2820 die

372 2844 521 2927 sequenti
544 2864 577 2908 u.
601 2844 639 2910 ll.

416 2931 456 2996 ll.
480 2932 539 2996 Uhi
562 2933 593 2996 in
611 2932 771 2997 antedicto
794 2951 871 2996 casu
887 2951 945 2997 uec
961 2930 1089 2998 Festum
1114 2938 1262 2999 occurrat
1278 2950 1391 2998 novem

370 3021 571 3096 Lectionum,
594 3041 654 3086 noc
676 3020 792 3106 duplex
814 3019 943 3106 aliquod
966 3022 1008 3086 sit
1030 3021 1249 3107 reponendum
1273 3021 1328 3108 (et
1350 3018 1390 3086 O·

371 3117 465 3175 otava
488 3108 637 3192 Corporis
661 3109 778 3174 Christi
798 3107 865 3194 jam
889 3109 931 3174 sit
954 3109 1094 3196 elapsa),
1119 3109 1263 3176 Officium
1287 3109 1393 3194 agitur

374 3198 414 3265 de
439 3197 490 3262 die
512 3196 595 3262 inira
618 3197 768 3264 Octavam
800 3195 832 3262 S.
856 3197 1009 3274 loannis,
1040 3217 1112 3263 eum
1139 3218 1222 3264 nona
1244 3197 1394 3263 Lectione

372 3294 407 3352 et
430 3287 733 3352 commemoratione
754 3285 899 3369 Vigiliae;
931 3293 963 3349 at
986 3287 1090 3351 llissm
1113 3306 1223 3351 omnes
1246 3285 1286 3350 de
1307 3285 1392 3368 Vigi-

374 3376 420 3440 lia
450 3383 525 3439 sunt
554 3375 705 3459 legenda.
729 3374 855 3459 Perlcpe
885 3383 1030 3438 ooootcto
1059 3374 1091 3437 ic
1120 3374 1201 3439 diem
1230 3373 1272 3438 88
1300 3372 1392 3439 Febr.

372 3487 404 3528 o.
427 3462 495 3528 Vll.
519 3462 575 3528 Sin
592 3463 695 3528 adhuc
710 3461 808 3528 lueris
831 3459 914 3527 infra
931 3460 1081 3528 Octavam
1098 3461 1249 3549 Corporis
1265 3460 1391 3539 Christi,

373 3551 513 3637 idipsum
529 3551 644 3636 perfice
668 3551 752 3637 quod
769 3551 818 3615 die
841 3551 883 3615 85
908 3550 1001 3636 hujus
1022 3551 1138 3616 merrsis
1163 3571 1193 3616 u.
1210 3550 1224 3615 l
1241 3549 1393 3616 traditum

376 3647 437 3715 est,
454 3639 562 3704 addita
586 3639 887 3705 commemoratione
911 3640 1036 3704 Octava
1058 3638 1090 3704 S.
1107 3638 1249 3716 Ioannis,
1264 3646 1395 3725 praeter·

374 3747 470 3815 quam
494 3729 527 3792 iu
551 3729 645 3794 llissa
669 3726 877 3794 Conventnali
899 3727 938 3792 de
961 3727 1085 3812 Vigilia.

329 3819 385 3886 88.
400 3853 446 3866 -
461 3815 485 3881 l.
503 3815 537 3881 Si
554 3817 683 3884 Festum
699 3816 731 3883 S.
750 3813 861 3881 Leonis
877 3817 971 3902 Papa
988 3824 1019 3881 et
1034 3814 1230 3882 Coolessoris
1253 3815 1312 3882 suh
1328 3814 1394 3898 ritu

374 3905 575 3991 semiduplici
607 3907 783 3972 occurrerit
804 3907 837 3971 in
860 3905 1024 3971 Dominica
1055 3906 1105 3972 vel
1136 3903 1218 3971 iufra
1241 3904 1392 3972 Octavam

372 3994 525 4080 Corporis
542 3993 669 4071 Christi,
686 3992 877 4060 transfertur
899 4001 971 4080 post
995 3990 1160 4067 Octavam;
1178 4014 1215 4059 ac
1241 3995 1267 4060 si
1292 4002 1394 4060 trans·

373 4083 487 4153 lationi
508 4082 598 4150 locus
621 4083 712 4161 desit,
729 4083 798 4170 ejus
820 4085 1079 4152 commemoratio
1096 4083 1201 4172 agitur
1223 4083 1257 4150 iu
1279 4082 1394 4172 primis
