<?xml version="1.0" encoding="UTF-8"?>
<!DOCTYPE html PUBLIC "-//W3C//DTD XHTML 1.0 Transitional//EN"
    "http://www.w3.org/TR/xhtml1/DTD/xhtml1-transitional.dtd">
<html xmlns="http://www.w3.org/1999/xhtml" xml:lang="en" lang="en">
 <head>
  <title>
</title>
<meta http-equiv="Content-Type" content="text/html;charset=utf-8" />
  <meta name='ocr-system' content='tesseract 3.04.00' />
  <meta name='ocr-capabilities' content='ocr_page ocr_carea ocr_par ocr_line ocrx_word'/>
</head>
<body>
  <div class='ocr_page' id='page_1' title='image "./kalendariumperp00carpgoog_0090.png"; bbox 0 0 3484 4875; ppageno 0'>
   <div class='ocr_carea' id='block_1_1' title="bbox 700 610 1052 727">
    <p class='ocr_par' dir='ltr' id='par_1_1' title="bbox 700 610 1052 727">
     <span class='ocr_line' id='line_1_1' title="bbox 700 610 1052 727; baseline -0.014 0"><span class='ocrx_word' id='word_1_1' title='bbox 700 610 920 727; x_wconf 79' lang='lat' dir='ltr'><strong>CAPUT</strong></span> <span class='ocrx_word' id='word_1_2' title='bbox 962 610 1052 725; x_wconf 86' lang='lat' dir='ltr'><strong>Vl.</strong></span> 
     </span>
    </p>
   </div>
   <div class='ocr_carea' id='block_1_2' title="bbox 579 882 1162 930">
    <p class='ocr_par' dir='ltr' id='par_1_2' title="bbox 579 882 1162 930">
     <span class='ocr_line' id='line_1_2' title="bbox 579 882 1162 930; baseline -0.003 -1"><span class='ocrx_word' id='word_1_3' title='bbox 579 883 629 929; x_wconf 76' lang='lat' dir='ltr'><strong>DL</strong></span> <span class='ocrx_word' id='word_1_4' title='bbox 662 882 1162 930; x_wconf 69' lang='lat' dir='ltr'><strong>COMHBMORLTIONIBUS</strong></span> 
     </span>
    </p>
   </div>
   <div class='ocr_carea' id='block_1_3' title="bbox 408 1244 1431 1403">
    <p class='ocr_par' dir='ltr' id='par_1_3' title="bbox 408 1244 1431 1403">
     <span class='ocr_line' id='line_1_3' title="bbox 408 1244 1431 1403; baseline -0.002 -18"><span class='ocrx_word' id='word_1_5' title='bbox 408 1321 437 1385; x_wconf 85' lang='lat' dir='ltr'><strong>i.</strong></span> <span class='ocrx_word' id='word_1_6' title='bbox 452 1244 809 1393; x_wconf 68' lang='lat' dir='ltr'><strong>commemorationes,</strong></span> <span class='ocrx_word' id='word_1_7' title='bbox 833 1316 873 1383; x_wconf 91' lang='lat' dir='ltr'><strong>do</strong></span> <span class='ocrx_word' id='word_1_8' title='bbox 897 1317 1011 1403; x_wconf 85' lang='lat' dir='ltr'><strong>quibus</strong></span> <span class='ocrx_word' id='word_1_9' title='bbox 1026 1314 1079 1383; x_wconf 88' lang='lat' dir='ltr'><strong>hic</strong></span> <span class='ocrx_word' id='word_1_10' title='bbox 1095 1336 1205 1383; x_wconf 89' lang='lat' dir='ltr'><strong>sermo</strong></span> <span class='ocrx_word' id='word_1_11' title='bbox 1222 1316 1383 1392; x_wconf 70' lang='lat' dir='ltr'><strong>instituitur,</strong></span> <span class='ocrx_word' id='word_1_12' title='bbox 1426 1332 1431 1340; x_wconf 86' lang='lat'><strong>·</strong></span> 
     </span>
    </p>
   </div>
   <div class='ocr_carea' id='block_1_4' title="bbox 341 1404 1385 1761">
    <p class='ocr_par' dir='ltr' id='par_1_4' title="bbox 341 1404 1385 1761">
     <span class='ocr_line' id='line_1_4' title="bbox 341 1404 1385 1495; baseline -0.004 -20"><span class='ocrx_word' id='word_1_13' title='bbox 341 1417 428 1475; x_wconf 88' lang='lat' dir='ltr'><strong>stant</strong></span> <span class='ocrx_word' id='word_1_14' title='bbox 450 1428 508 1495; x_wconf 93' lang='lat' dir='ltr'><strong>pro</strong></span> <span class='ocrx_word' id='word_1_15' title='bbox 543 1405 651 1474; x_wconf 82' lang='lat' dir='ltr'><strong>Officio</strong></span> <span class='ocrx_word' id='word_1_16' title='bbox 676 1406 760 1493; x_wconf 87' lang='lat' dir='ltr'><strong>quod</strong></span> <span class='ocrx_word' id='word_1_17' title='bbox 782 1404 866 1472; x_wconf 85' lang='lat' dir='ltr'><strong>foret</strong></span> <span class='ocrx_word' id='word_1_18' title='bbox 889 1406 1069 1491; x_wconf 85' lang='lat' dir='ltr'><strong>agendum,</strong></span> <span class='ocrx_word' id='word_1_19' title='bbox 1094 1407 1248 1494; x_wconf 88' lang='lat' dir='ltr'><strong>quodque</strong></span> <span class='ocrx_word' id='word_1_20' title='bbox 1272 1406 1385 1493; x_wconf 80' lang='lat' dir='ltr'><strong>alioquin</strong></span> 
     </span>
     <span class='ocr_line' id='line_1_5' title="bbox 341 1495 1384 1583; baseline -0.005 -19"><span class='ocrx_word' id='word_1_21' title='bbox 341 1500 390 1564; x_wconf 91' lang='lat' dir='ltr'><strong>vel</strong></span> <span class='ocrx_word' id='word_1_22' title='bbox 413 1518 450 1563; x_wconf 89' lang='lat' dir='ltr'><strong>ex</strong></span> <span class='ocrx_word' id='word_1_23' title='bbox 473 1504 540 1562; x_wconf 92' lang='lat' dir='ltr'><strong>toto</strong></span> <span class='ocrx_word' id='word_1_24' title='bbox 563 1497 612 1561; x_wconf 87' lang='lat' dir='ltr'><strong>uel</strong></span> <span class='ocrx_word' id='word_1_25' title='bbox 636 1516 674 1562; x_wconf 88' lang='lat' dir='ltr'><strong>ex</strong></span> <span class='ocrx_word' id='word_1_26' title='bbox 708 1502 798 1582; x_wconf 88' lang='lat' dir='ltr'><strong>parte</strong></span> <span class='ocrx_word' id='word_1_27' title='bbox 833 1495 873 1560; x_wconf 87' lang='lat' dir='ltr'><strong>ab</strong></span> <span class='ocrx_word' id='word_1_28' title='bbox 910 1496 972 1561; x_wconf 84' lang='lat' dir='ltr'><strong>ulio</strong></span> <span class='ocrx_word' id='word_1_29' title='bbox 998 1495 1167 1580; x_wconf 80' lang='lat' dir='ltr'><strong>digniore,</strong></span> <span class='ocrx_word' id='word_1_30' title='bbox 1203 1496 1384 1583; x_wconf 84' lang='lat' dir='ltr'><strong>impediatur.</strong></span> 
     </span>
     <span class='ocr_line' id='line_1_6' title="bbox 344 1584 1384 1674; baseline 0.003 -22"><span class='ocrx_word' id='word_1_31' title='bbox 344 1586 544 1674; x_wconf 82' lang='lat' dir='ltr'><strong>Quapropter·</strong></span> <span class='ocrx_word' id='word_1_32' title='bbox 565 1586 670 1650; x_wconf 90' lang='lat' dir='ltr'><strong>locum</strong></span> <span class='ocrx_word' id='word_1_33' title='bbox 694 1584 812 1650; x_wconf 90' lang='lat' dir='ltr'><strong>habent</strong></span> <span class='ocrx_word' id='word_1_34' title='bbox 834 1586 864 1649; x_wconf 91' lang='lat' dir='ltr'><strong>in</strong></span> <span class='ocrx_word' id='word_1_35' title='bbox 891 1585 1092 1651; x_wconf 83' lang='lat' dir='ltr'><strong>occurrentia</strong></span> <span class='ocrx_word' id='word_1_36' title='bbox 1115 1593 1149 1650; x_wconf 90' lang='lat' dir='ltr'><strong>et</strong></span> <span class='ocrx_word' id='word_1_37' title='bbox 1172 1585 1384 1658; x_wconf 74' lang='lat' dir='ltr'><strong>concurrendo</strong></span> 
     </span>
     <span class='ocr_line' id='line_1_7' title="bbox 343 1673 930 1761; baseline 0 -22"><span class='ocrx_word' id='word_1_38' title='bbox 343 1695 400 1740; x_wconf 90' lang='lat' dir='ltr'><strong>seu</strong></span> <span class='ocrx_word' id='word_1_39' title='bbox 422 1676 454 1741; x_wconf 90' lang='lat' dir='ltr'><strong>in</strong></span> <span class='ocrx_word' id='word_1_40' title='bbox 477 1673 636 1739; x_wconf 84' lang='lat' dir='ltr'><strong>Laudibus</strong></span> <span class='ocrx_word' id='word_1_41' title='bbox 660 1681 692 1739; x_wconf 90' lang='lat' dir='ltr'><strong>et</strong></span> <span class='ocrx_word' id='word_1_42' title='bbox 715 1674 747 1739; x_wconf 93' lang='lat' dir='ltr'><strong>in</strong></span> <span class='ocrx_word' id='word_1_43' title='bbox 771 1673 930 1761; x_wconf 89' lang='lat' dir='ltr'><strong>Vesperis.</strong></span> 
     </span>
    </p>
   </div>
   <div class='ocr_carea' id='block_1_5' title="bbox 439 1853 1318 1938">
    <p class='ocr_par' dir='ltr' id='par_1_5' title="bbox 439 1853 1318 1938">
     <span class='ocr_line' id='line_1_8' title="bbox 439 1853 1318 1938; baseline 0 -18"><span class='ocrx_word' id='word_1_44' title='bbox 439 1853 727 1938; x_wconf 74' lang='lat' dir='ltr'><strong>Quandomrm</strong></span> <span class='ocrx_word' id='word_1_45' title='bbox 746 1854 856 1920; x_wconf 82' lang='lat' dir='ltr'><strong>flunt</strong></span> <span class='ocrx_word' id='word_1_46' title='bbox 868 1853 1318 1920; x_wconf 71' lang='lat' dir='ltr'><strong>commemorationes</strong></span> 
     </span>
    </p>
   </div>
   <div class='ocr_carea' id='block_1_6' title="bbox 276 2032 1432 2477">
    <p class='ocr_par' dir='ltr' id='par_1_6' title="bbox 276 2032 1432 2477">
     <span class='ocr_line' id='line_1_9' title="bbox 411 2032 1394 2119; baseline 0 -21"><span class='ocrx_word' id='word_1_47' title='bbox 411 2034 441 2099; x_wconf 74' lang='lat'><strong>2.</strong></span> <span class='ocrx_word' id='word_1_48' title='bbox 466 2033 503 2098; x_wconf 89' lang='lat' dir='ltr'><strong>ln</strong></span> <span class='ocrx_word' id='word_1_49' title='bbox 526 2035 726 2101; x_wconf 82' lang='lat' dir='ltr'><strong>occurrentia</strong></span> <span class='ocrx_word' id='word_1_50' title='bbox 755 2035 853 2119; x_wconf 84' lang='lat' dir='ltr'><strong>igitur</strong></span> <span class='ocrx_word' id='word_1_51' title='bbox 876 2055 933 2100; x_wconf 88' lang='lat' dir='ltr'><strong>seu</strong></span> <span class='ocrx_word' id='word_1_52' title='bbox 966 2035 997 2099; x_wconf 94' lang='lat' dir='ltr'><strong>in</strong></span> <span class='ocrx_word' id='word_1_53' title='bbox 1022 2032 1184 2099; x_wconf 82' lang='lat' dir='ltr'><strong>Laudibus</strong></span> <span class='ocrx_word' id='word_1_54' title='bbox 1222 2052 1394 2101; x_wconf 89' lang='lat' dir='ltr'><strong>commemo</strong></span> 
     </span>
     <span class='ocr_line' id='line_1_10' title="bbox 344 2120 1395 2211; baseline -0.003 -21"><span class='ocrx_word' id='word_1_55' title='bbox 344 2124 501 2190; x_wconf 88' lang='lat' dir='ltr'><strong>rationem</strong></span> <span class='ocrx_word' id='word_1_56' title='bbox 526 2124 653 2210; x_wconf 84' lang='lat' dir='ltr'><strong>recipit,</strong></span> <span class='ocrx_word' id='word_1_57' title='bbox 678 2125 705 2189; x_wconf 92' lang='lat' dir='ltr'><strong>si</strong></span> <span class='ocrx_word' id='word_1_58' title='bbox 729 2125 857 2210; x_wconf 86' lang='lat' dir='ltr'><strong>quidem</strong></span> <span class='ocrx_word' id='word_1_59' title='bbox 881 2124 908 2190; x_wconf 92' lang='lat' dir='ltr'><strong>ei</strong></span> <span class='ocrx_word' id='word_1_60' title='bbox 933 2132 1042 2210; x_wconf 88' lang='lat' dir='ltr'><strong>aptum</strong></span> <span class='ocrx_word' id='word_1_61' title='bbox 1067 2124 1119 2198; x_wconf 91' lang='lat' dir='ltr'><strong>sit,</strong></span> <span class='ocrx_word' id='word_1_62' title='bbox 1144 2122 1296 2190; x_wconf 85' lang='lat' dir='ltr'><strong>Officium</strong></span> <span class='ocrx_word' id='word_1_63' title='bbox 1329 2120 1395 2211; x_wconf 87' lang='lat' dir='ltr'><strong>quod</strong></span> 
     </span>
     <span class='ocr_line' id='line_1_11' title="bbox 344 2211 1432 2302; baseline 0.001 -25"><span class='ocrx_word' id='word_1_64' title='bbox 344 2213 384 2278; x_wconf 87' lang='lat' dir='ltr'><strong>ab</strong></span> <span class='ocrx_word' id='word_1_65' title='bbox 401 2213 462 2278; x_wconf 92' lang='lat' dir='ltr'><strong>alio</strong></span> <span class='ocrx_word' id='word_1_66' title='bbox 479 2213 523 2278; x_wconf 87' lang='lat' dir='ltr'><strong>ita</strong></span> <span class='ocrx_word' id='word_1_67' title='bbox 540 2213 742 2299; x_wconf 86' lang='lat' dir='ltr'><strong>impediatur,</strong></span> <span class='ocrx_word' id='word_1_68' title='bbox 756 2221 790 2278; x_wconf 92' lang='lat' dir='ltr'><strong>ut</strong></span> <span class='ocrx_word' id='word_1_69' title='bbox 806 2221 944 2297; x_wconf 88' lang='lat' dir='ltr'><strong>nequeat</strong></span> <span class='ocrx_word' id='word_1_70' title='bbox 967 2213 1063 2278; x_wconf 89' lang='lat' dir='ltr'><strong>aliam</strong></span> <span class='ocrx_word' id='word_1_71' title='bbox 1079 2221 1112 2276; x_wconf 90' lang='lat' dir='ltr'><strong>in</strong></span> <span class='ocrx_word' id='word_1_72' title='bbox 1129 2211 1216 2277; x_wconf 90' lang='lat' dir='ltr'><strong>diem</strong></span> <span class='ocrx_word' id='word_1_73' title='bbox 1236 2212 1395 2280; x_wconf 84' lang='lat' dir='ltr'><strong>transferri.</strong></span> <span class='ocrx_word' id='word_1_74' title='bbox 1429 2239 1432 2302; x_wconf 70' lang='grc' dir='ltr'><strong>ς</strong></span> 
     </span>
     <span class='ocr_line' id='line_1_12' title="bbox 276 2300 1398 2389; baseline 0 -23"><span class='ocrx_word' id='word_1_75' title='bbox 276 2370 279 2375; x_wconf 70' lang='grc'><strong><em>,</em></strong></span> <span class='ocrx_word' id='word_1_76' title='bbox 343 2301 530 2388; x_wconf 88' lang='lat' dir='ltr'><strong>Hujusmodi</strong></span> <span class='ocrx_word' id='word_1_77' title='bbox 554 2309 628 2367; x_wconf 93' lang='lat' dir='ltr'><strong>sunt</strong></span> <span class='ocrx_word' id='word_1_78' title='bbox 642 2301 827 2378; x_wconf 83' lang='lat' dir='ltr'><strong>Dominioae‚</strong></span> <span class='ocrx_word' id='word_1_79' title='bbox 844 2301 945 2367; x_wconf 79' lang='lat' dir='ltr'><strong>Feriae</strong></span> <span class='ocrx_word' id='word_1_80' title='bbox 962 2300 1110 2387; x_wconf 84' lang='lat' dir='ltr'><strong>majores,</strong></span> <span class='ocrx_word' id='word_1_81' title='bbox 1128 2300 1226 2366; x_wconf 83' lang='lat' dir='ltr'><strong>Festa</strong></span> <span class='ocrx_word' id='word_1_82' title='bbox 1245 2301 1398 2389; x_wconf 83' lang='lat' dir='ltr'><strong>simplicit,</strong></span> 
     </span>
     <span class='ocr_line' id='line_1_13' title="bbox 343 2363 1432 2477; baseline -0.001 -22"><span class='ocrx_word' id='word_1_83' title='bbox 343 2390 466 2477; x_wconf 80' lang='lat' dir='ltr'><strong>vigilie</strong></span> <span class='ocrx_word' id='word_1_84' title='bbox 488 2399 520 2458; x_wconf 89' lang='lat' dir='ltr'><strong>et</strong></span> <span class='ocrx_word' id='word_1_85' title='bbox 543 2387 680 2468; x_wconf 77' lang='lat' dir='ltr'><strong>Octava,</strong></span> <span class='ocrx_word' id='word_1_86' title='bbox 705 2411 742 2458; x_wconf 88' lang='lat' dir='ltr'><strong>ao</strong></span> <span class='ocrx_word' id='word_1_87' title='bbox 765 2392 862 2458; x_wconf 90' lang='lat' dir='ltr'><strong>etiam</strong></span> <span class='ocrx_word' id='word_1_88' title='bbox 885 2389 979 2458; x_wconf 79' lang='lat' dir='ltr'><strong>Festa</strong></span> <span class='ocrx_word' id='word_1_89' title='bbox 1002 2408 1115 2457; x_wconf 89' lang='lat' dir='ltr'><strong>nouem</strong></span> <span class='ocrx_word' id='word_1_90' title='bbox 1139 2389 1331 2459; x_wconf 82' lang='lat' dir='ltr'><strong>Lectionum</strong></span> <span class='ocrx_word' id='word_1_91' title='bbox 1346 2391 1398 2458; x_wconf 86' lang='lat' dir='ltr'><strong>siue</strong></span> <span class='ocrx_word' id='word_1_92' title='bbox 1428 2363 1432 2455; x_wconf 83' lang='grc' dir='ltr'>Ι</span> 
     </span>
    </p>
   </div>
   <div class='ocr_carea' id='block_1_7' title="bbox 229 2472 1432 2567">
    <p class='ocr_par' dir='ltr' id='par_1_7' title="bbox 229 2472 1432 2567">
     <span class='ocr_line' id='line_1_14' title="bbox 229 2472 1432 2567; baseline -0.007 -14"><span class='ocrx_word' id='word_1_93' title='bbox 229 2544 231 2553; x_wconf 80' lang='grc'>,</span> <span class='ocrx_word' id='word_1_94' title='bbox 344 2482 487 2547; x_wconf 83' lang='lat' dir='ltr'><strong>clausula</strong></span> <span class='ocrx_word' id='word_1_95' title='bbox 509 2481 551 2545; x_wconf 88' lang='lat' dir='ltr'><strong>od</strong></span> <span class='ocrx_word' id='word_1_96' title='bbox 567 2481 696 2555; x_wconf 80' lang='lat' dir='ltr'><strong>libitum,</strong></span> <span class='ocrx_word' id='word_1_97' title='bbox 714 2500 785 2567; x_wconf 71' lang='lat' dir='ltr'><strong>quae</strong></span> <span class='ocrx_word' id='word_1_98' title='bbox 809 2482 868 2547; x_wconf 89' lang='lat' dir='ltr'><strong>sub</strong></span> <span class='ocrx_word' id='word_1_99' title='bbox 887 2481 961 2546; x_wconf 89' lang='lat' dir='ltr'><strong>anni</strong></span> <span class='ocrx_word' id='word_1_100' title='bbox 984 2481 1102 2546; x_wconf 87' lang='lat' dir='ltr'><strong>exitum</strong></span> <span class='ocrx_word' id='word_1_101' title='bbox 1119 2489 1310 2566; x_wconf 87' lang='lat' dir='ltr'><strong>supersunt.</strong></span> <span class='ocrx_word' id='word_1_102' title='bbox 1339 2478 1397 2547; x_wconf 77' lang='lat' dir='ltr'><strong>Vide</strong></span> <span class='ocrx_word' id='word_1_103' title='bbox 1430 2472 1432 2477; x_wconf 70' lang='grc'><strong>’</strong></span> 
     </span>
    </p>
   </div>
   <div class='ocr_carea' id='block_1_8' title="bbox 347 2570 1410 4170">
    <p class='ocr_par' dir='ltr' id='par_1_8' title="bbox 347 2570 708 2636">
     <span class='ocr_line' id='line_1_15' title="bbox 347 2570 708 2636; baseline -0.003 0"><span class='ocrx_word' id='word_1_104' title='bbox 347 2593 383 2636; x_wconf 87' lang='lat' dir='ltr'><strong>cu</strong></span> <span class='ocrx_word' id='word_1_105' title='bbox 408 2621 416 2635; x_wconf 88' lang='lat'><strong>.</strong></span> <span class='ocrx_word' id='word_1_106' title='bbox 441 2572 462 2636; x_wconf 76' lang='lat' dir='ltr'><strong>d</strong></span> <span class='ocrx_word' id='word_1_107' title='bbox 484 2594 514 2635; x_wconf 85' lang='lat' dir='ltr'><strong>n.</strong></span> <span class='ocrx_word' id='word_1_108' title='bbox 540 2570 580 2635; x_wconf 80' lang='lat' dir='ltr'><strong>to</strong></span> <span class='ocrx_word' id='word_1_109' title='bbox 605 2580 633 2634; x_wconf 90' lang='lat' dir='ltr'><strong>et</strong></span> <span class='ocrx_word' id='word_1_110' title='bbox 657 2571 708 2635; x_wconf 77' lang='lat' dir='ltr'><strong>tr.</strong></span> 
     </span>
    </p>

    <p class='ocr_par' dir='ltr' id='par_1_9' title="bbox 347 2592 1398 3080">
     <span class='ocr_line' id='line_1_16' title="bbox 382 2592 1398 2743; baseline -0.004 -20"><span class='ocrx_word' id='word_1_111' title='bbox 382 2592 443 2724; x_wconf 64' lang='lat' dir='ltr'><strong>pi.</strong></span> <span class='ocrx_word' id='word_1_112' title='bbox 467 2658 749 2724; x_wconf 86' lang='lat' dir='ltr'><strong>Inconcurrentia</strong></span> <span class='ocrx_word' id='word_1_113' title='bbox 771 2679 846 2724; x_wconf 90' lang='lat' dir='ltr'><strong>vero</strong></span> <span class='ocrx_word' id='word_1_114' title='bbox 864 2656 973 2725; x_wconf 81' lang='lat' dir='ltr'><strong>Officia</strong></span> <span class='ocrx_word' id='word_1_115' title='bbox 997 2657 1113 2735; x_wconf 90' lang='lat' dir='ltr'><strong>omnia,</strong></span> <span class='ocrx_word' id='word_1_116' title='bbox 1136 2678 1208 2743; x_wconf 82' lang='lat' dir='ltr'><strong>quiae</strong></span> <span class='ocrx_word' id='word_1_117' title='bbox 1232 2657 1361 2735; x_wconf 88' lang='lat' dir='ltr'><strong>habent,</strong></span> <span class='ocrx_word' id='word_1_118' title='bbox 1376 2664 1398 2720; x_wconf 90' lang='lat' dir='ltr'><strong>et</strong></span> 
     </span>
     <span class='ocr_line' id='line_1_17' title="bbox 347 2746 1393 2834; baseline -0.003 -23"><span class='ocrx_word' id='word_1_119' title='bbox 347 2755 443 2834; x_wconf 91' lang='lat' dir='ltr'><strong>prout</strong></span> <span class='ocrx_word' id='word_1_120' title='bbox 464 2747 583 2812; x_wconf 86' lang='lat' dir='ltr'><strong>habeut</strong></span> <span class='ocrx_word' id='word_1_121' title='bbox 598 2746 766 2831; x_wconf 72' lang='lat' dir='ltr'><strong>Vesperas</strong></span> <span class='ocrx_word' id='word_1_122' title='bbox 791 2768 860 2833; x_wconf 79' lang='lat' dir='ltr'><strong>quae</strong></span> <span class='ocrx_word' id='word_1_123' title='bbox 888 2746 1115 2832; x_wconf 89' lang='lat' dir='ltr'><strong>impediuntur,</strong></span> <span class='ocrx_word' id='word_1_124' title='bbox 1140 2747 1166 2810; x_wconf 92' lang='lat' dir='ltr'><strong>si</strong></span> <span class='ocrx_word' id='word_1_125' title='bbox 1195 2749 1324 2831; x_wconf 86' lang='lat' dir='ltr'><strong>pariter</strong></span> <span class='ocrx_word' id='word_1_126' title='bbox 1344 2752 1393 2833; x_wconf 77' lang='lat' dir='ltr'><strong>apti</strong></span> 
     </span>
     <span class='ocr_line' id='line_1_18' title="bbox 348 2828 1391 2920; baseline 0 -19"><span class='ocrx_word' id='word_1_127' title='bbox 348 2836 429 2910; x_wconf 89' lang='lat' dir='ltr'><strong>siut,</strong></span> <span class='ocrx_word' id='word_1_128' title='bbox 460 2855 518 2920; x_wconf 93' lang='lat' dir='ltr'><strong>pro</strong></span> <span class='ocrx_word' id='word_1_129' title='bbox 544 2835 691 2920; x_wconf 90' lang='lat' dir='ltr'><strong>Vesperis</strong></span> <span class='ocrx_word' id='word_1_130' title='bbox 715 2837 1049 2902; x_wconf 82' lang='lat' dir='ltr'><strong>commemorationem</strong></span> <span class='ocrx_word' id='word_1_131' title='bbox 1074 2836 1272 2901; x_wconf 88' lang='lat' dir='ltr'><strong>adsciscunt.</strong></span> <span class='ocrx_word' id='word_1_132' title='bbox 1316 2828 1391 2903; x_wconf 73' lang='lat' dir='ltr'><strong>emt.</strong></span> 
     </span>
     <span class='ocr_line' id='line_1_19' title="bbox 349 2921 1395 3012; baseline -0.003 -25"><span class='ocrx_word' id='word_1_133' title='bbox 349 2935 389 2987; x_wconf 85' lang='lat' dir='ltr'><strong>to.</strong></span> <span class='ocrx_word' id='word_1_134' title='bbox 413 2922 433 2987; x_wconf 60' lang='grc' dir='ltr'><strong>ἓ</strong></span> <span class='ocrx_word' id='word_1_135' title='bbox 458 2945 483 2989; x_wconf 88' lang='lat' dir='ltr'><strong>o.</strong></span> <span class='ocrx_word' id='word_1_136' title='bbox 509 2923 560 2988; x_wconf 70' lang='lat' dir='ltr'><strong>du.</strong></span> <span class='ocrx_word' id='word_1_137' title='bbox 585 2924 722 3010; x_wconf 87' lang='lat' dir='ltr'><strong>Hujusoe</strong></span> <span class='ocrx_word' id='word_1_138' title='bbox 745 2926 871 3010; x_wconf 81' lang='lat' dir='ltr'><strong>generis</strong></span> <span class='ocrx_word' id='word_1_139' title='bbox 895 2934 970 2991; x_wconf 89' lang='lat' dir='ltr'><strong>sunt</strong></span> <span class='ocrx_word' id='word_1_140' title='bbox 992 2923 1101 2991; x_wconf 81' lang='lat' dir='ltr'><strong>Officia</strong></span> <span class='ocrx_word' id='word_1_141' title='bbox 1123 2923 1288 3010; x_wconf 90' lang='lat' dir='ltr'><strong>descripta</strong></span> <span class='ocrx_word' id='word_1_142' title='bbox 1313 2921 1395 3012; x_wconf 79' lang='lat' dir='ltr'><strong>capi</strong></span> 
     </span>
     <span class='ocr_line' id='line_1_20' title="bbox 352 3011 752 3080; baseline 0.008 -4"><span class='ocrx_word' id='word_1_143' title='bbox 352 3012 391 3077; x_wconf 90' lang='lat' dir='ltr'><strong>dc</strong></span> <span class='ocrx_word' id='word_1_144' title='bbox 415 3011 643 3078; x_wconf 73' lang='lat' dir='ltr'><strong>concurrentia</strong></span> <span class='ocrx_word' id='word_1_145' title='bbox 666 3035 696 3080; x_wconf 89' lang='lat' dir='ltr'><strong>n.</strong></span> <span class='ocrx_word' id='word_1_146' title='bbox 722 3015 752 3080; x_wconf 82' lang='lat' dir='ltr'><strong>d.</strong></span> 
     </span>
    </p>

    <p class='ocr_par' dir='ltr' id='par_1_10' title="bbox 352 3100 1398 3261">
     <span class='ocr_line' id='line_1_21' title="bbox 416 3100 1398 3191; baseline 0 -25"><span class='ocrx_word' id='word_1_147' title='bbox 416 3102 446 3166; x_wconf 79' lang='lat' dir='ltr'><strong>lu.</strong></span> <span class='ocrx_word' id='word_1_148' title='bbox 471 3100 593 3167; x_wconf 87' lang='lat' dir='ltr'><strong>Dicitur</strong></span> <span class='ocrx_word' id='word_1_149' title='bbox 622 3102 650 3166; x_wconf 85' lang='lat' dir='ltr'><strong>si</strong></span> <span class='ocrx_word' id='word_1_150' title='bbox 679 3103 803 3190; x_wconf 84' lang='lat' dir='ltr'><strong>quidem</strong></span> <span class='ocrx_word' id='word_1_151' title='bbox 830 3113 905 3191; x_wconf 88' lang='lat' dir='ltr'><strong>opto</strong></span> <span class='ocrx_word' id='word_1_152' title='bbox 929 3102 1002 3180; x_wconf 82' lang='lat' dir='ltr'><strong>sint,</strong></span> <span class='ocrx_word' id='word_1_153' title='bbox 1027 3102 1100 3189; x_wconf 91' lang='lat' dir='ltr'><strong>quia</strong></span> <span class='ocrx_word' id='word_1_154' title='bbox 1131 3100 1297 3168; x_wconf 89' lang='lat' dir='ltr'><strong>interdum</strong></span> <span class='ocrx_word' id='word_1_155' title='bbox 1320 3102 1398 3168; x_wconf 88' lang='lat' dir='ltr'><strong>etiam</strong></span> 
     </span>
     <span class='ocr_line' id='line_1_22' title="bbox 352 3192 1203 3261; baseline 0.011 -9"><span class='ocrx_word' id='word_1_156' title='bbox 352 3192 654 3256; x_wconf 87' lang='lat' dir='ltr'><strong>commemoratione</strong></span> <span class='ocrx_word' id='word_1_157' title='bbox 678 3201 798 3258; x_wconf 85' lang='lat' dir='ltr'><strong>carent.</strong></span> <span class='ocrx_word' id='word_1_158' title='bbox 1201 3257 1203 3261; x_wconf 79' lang='grc'>,</span> 
     </span>
    </p>

    <p class='ocr_par' dir='ltr' id='par_1_11' title="bbox 351 3279 1410 4170">
     <span class='ocr_line' id='line_1_23' title="bbox 418 3279 1400 3367; baseline -0.004 -22"><span class='ocrx_word' id='word_1_159' title='bbox 418 3281 447 3345; x_wconf 88' lang='lat'><strong>5.</strong></span> <span class='ocrx_word' id='word_1_160' title='bbox 471 3279 551 3345; x_wconf 88' lang='lat' dir='ltr'><strong>Nam</strong></span> <span class='ocrx_word' id='word_1_161' title='bbox 574 3282 605 3345; x_wconf 95' lang='lat' dir='ltr'><strong>in</strong></span> <span class='ocrx_word' id='word_1_162' title='bbox 628 3281 740 3367; x_wconf 91' lang='lat' dir='ltr'><strong>primis</strong></span> <span class='ocrx_word' id='word_1_163' title='bbox 762 3281 912 3367; x_wconf 88' lang='lat' dir='ltr'><strong>Vesperis</strong></span> <span class='ocrx_word' id='word_1_164' title='bbox 937 3279 1022 3346; x_wconf 81' lang='lat' dir='ltr'><strong>Festi</strong></span> <span class='ocrx_word' id='word_1_165' title='bbox 1046 3279 1181 3367; x_wconf 91' lang='lat' dir='ltr'><strong>duplicis</strong></span> <span class='ocrx_word' id='word_1_166' title='bbox 1198 3279 1314 3365; x_wconf 88' lang='lat' dir='ltr'><strong>primae</strong></span> <span class='ocrx_word' id='word_1_167' title='bbox 1336 3279 1400 3345; x_wconf 83' lang='lat' dir='ltr'><strong>olas·</strong></span> 
     </span>
     <span class='ocr_line' id='line_1_24' title="bbox 351 3368 1402 3457; baseline -0.004 -23"><span class='ocrx_word' id='word_1_168' title='bbox 351 3370 396 3434; x_wconf 89' lang='lat' dir='ltr'><strong>sis</strong></span> <span class='ocrx_word' id='word_1_169' title='bbox 419 3371 454 3435; x_wconf 86' lang='lat' dir='ltr'><strong>sut</strong></span> <span class='ocrx_word' id='word_1_170' title='bbox 476 3378 600 3436; x_wconf 88' lang='lat' dir='ltr'><strong>tantum</strong></span> <span class='ocrx_word' id='word_1_171' title='bbox 625 3371 886 3436; x_wconf 80' lang='lat' dir='ltr'><strong>commemoratio</strong></span> <span class='ocrx_word' id='word_1_172' title='bbox 909 3369 1121 3457; x_wconf 86' lang='lat' dir='ltr'><strong>praecedentis</strong></span> <span class='ocrx_word' id='word_1_173' title='bbox 1144 3368 1282 3454; x_wconf 88' lang='lat' dir='ltr'><strong>duplicis</strong></span> <span class='ocrx_word' id='word_1_174' title='bbox 1307 3368 1402 3457; x_wconf 85' lang='lat' dir='ltr'><strong>prime</strong></span> 
     </span>
     <span class='ocr_line' id='line_1_25' title="bbox 351 3456 1402 3545; baseline -0.004 -22"><span class='ocrx_word' id='word_1_175' title='bbox 351 3468 407 3524; x_wconf 88' lang='lat' dir='ltr'><strong>aut</strong></span> <span class='ocrx_word' id='word_1_176' title='bbox 428 3459 575 3525; x_wconf 76' lang='lat' dir='ltr'><strong>secundae</strong></span> <span class='ocrx_word' id='word_1_177' title='bbox 599 3460 722 3534; x_wconf 85' lang='lat' dir='ltr'><strong>classis,</strong></span> <span class='ocrx_word' id='word_1_178' title='bbox 745 3468 778 3525; x_wconf 88' lang='lat' dir='ltr'><strong>et</strong></span> <span class='ocrx_word' id='word_1_179' title='bbox 800 3459 972 3525; x_wconf 81' lang='lat' dir='ltr'><strong>Dominicoc</strong></span> <span class='ocrx_word' id='word_1_180' title='bbox 995 3458 1137 3545; x_wconf 85' lang='lat' dir='ltr'><strong>majoris,</strong></span> <span class='ocrx_word' id='word_1_181' title='bbox 1159 3478 1286 3524; x_wconf 89' lang='lat' dir='ltr'><strong>necnon</strong></span> <span class='ocrx_word' id='word_1_182' title='bbox 1310 3456 1402 3524; x_wconf 75' lang='lat' dir='ltr'><strong>Feria-</strong></span> 
     </span>
     <span class='ocr_line' id='line_1_26' title="bbox 352 3546 1402 3633; baseline 0.004 -23"><span class='ocrx_word' id='word_1_183' title='bbox 352 3568 424 3612; x_wconf 91' lang='lat' dir='ltr'><strong>rum</strong></span> <span class='ocrx_word' id='word_1_184' title='bbox 445 3548 607 3614; x_wconf 81' lang='lat' dir='ltr'><strong>Adventus</strong></span> <span class='ocrx_word' id='word_1_185' title='bbox 630 3558 663 3615; x_wconf 91' lang='lat' dir='ltr'><strong>et</strong></span> <span class='ocrx_word' id='word_1_186' title='bbox 685 3547 957 3633; x_wconf 73' lang='lat' dir='ltr'><strong>Quadragesimae,</strong></span> <span class='ocrx_word' id='word_1_187' title='bbox 982 3568 1019 3612; x_wconf 87' lang='lat' dir='ltr'><strong>ac</strong></span> <span class='ocrx_word' id='word_1_188' title='bbox 1042 3548 1204 3633; x_wconf 89' lang='lat' dir='ltr'><strong>sequentis</strong></span> <span class='ocrx_word' id='word_1_189' title='bbox 1227 3546 1402 3614; x_wconf 74' lang='lat' dir='ltr'><strong>Dominioe.</strong></span> 
     </span>
     <span class='ocr_line' id='line_1_27' title="bbox 352 3629 1405 3723; baseline -0.005 -24"><span class='ocrx_word' id='word_1_190' title='bbox 352 3637 403 3700; x_wconf 87' lang='lat' dir='ltr'><strong>vel</strong></span> <span class='ocrx_word' id='word_1_191' title='bbox 426 3635 487 3700; x_wconf 93' lang='lat' dir='ltr'><strong>diei</strong></span> <span class='ocrx_word' id='word_1_192' title='bbox 510 3636 646 3714; x_wconf 81' lang='lat' dir='ltr'><strong>Octavae,</strong></span> <span class='ocrx_word' id='word_1_193' title='bbox 670 3658 707 3703; x_wconf 89' lang='lat' dir='ltr'><strong>ao</strong></span> <span class='ocrx_word' id='word_1_194' title='bbox 737 3639 833 3703; x_wconf 82' lang='lat' dir='ltr'><strong>etiam</strong></span> <span class='ocrx_word' id='word_1_195' title='bbox 856 3638 1018 3723; x_wconf 89' lang='lat' dir='ltr'><strong>sequentis</strong></span> <span class='ocrx_word' id='word_1_196' title='bbox 1042 3636 1177 3722; x_wconf 86' lang='lat' dir='ltr'><strong>duplicis</strong></span> <span class='ocrx_word' id='word_1_197' title='bbox 1200 3635 1333 3722; x_wconf 88' lang='lat' dir='ltr'><strong>majoris</strong></span> <span class='ocrx_word' id='word_1_198' title='bbox 1365 3629 1405 3697; x_wconf 85' lang='lat' dir='ltr'><strong>uei</strong></span> 
     </span>
     <span class='ocr_line' id='line_1_28' title="bbox 353 3719 1406 3813; baseline -0.002 -25"><span class='ocrx_word' id='word_1_199' title='bbox 353 3725 485 3790; x_wconf 91' lang='lat' dir='ltr'><strong>minoris</strong></span> <span class='ocrx_word' id='word_1_200' title='bbox 508 3735 563 3792; x_wconf 92' lang='lat' dir='ltr'><strong>aut</strong></span> <span class='ocrx_word' id='word_1_201' title='bbox 585 3726 802 3813; x_wconf 89' lang='lat' dir='ltr'><strong>semiduplicis</strong></span> <span class='ocrx_word' id='word_1_202' title='bbox 818 3726 940 3792; x_wconf 89' lang='lat' dir='ltr'><strong>redacti</strong></span> <span class='ocrx_word' id='word_1_203' title='bbox 957 3726 997 3791; x_wconf 91' lang='lat' dir='ltr'><strong>ad</strong></span> <span class='ocrx_word' id='word_1_204' title='bbox 1020 3726 1117 3790; x_wconf 90' lang='lat' dir='ltr'><strong>ritum</strong></span> <span class='ocrx_word' id='word_1_205' title='bbox 1139 3725 1295 3810; x_wconf 90' lang='lat' dir='ltr'><strong>simplicis</strong></span> <span class='ocrx_word' id='word_1_206' title='bbox 1319 3719 1406 3813; x_wconf 83' lang='lat' dir='ltr'><strong>(ride</strong></span> 
     </span>
     <span class='ocr_line' id='line_1_29' title="bbox 353 3809 1406 3901; baseline -0.003 -24"><span class='ocrx_word' id='word_1_207' title='bbox 353 3822 460 3877; x_wconf 86' lang='lat' dir='ltr'><strong>tamen</strong></span> <span class='ocrx_word' id='word_1_208' title='bbox 482 3812 564 3880; x_wconf 85' lang='lat' dir='ltr'><strong>inira</strong></span> <span class='ocrx_word' id='word_1_209' title='bbox 587 3836 617 3881; x_wconf 93' lang='lat' dir='ltr'><strong>n.</strong></span> <span class='ocrx_word' id='word_1_210' title='bbox 635 3816 654 3882; x_wconf 86' lang='grc'><strong>9</strong></span> <span class='ocrx_word' id='word_1_211' title='bbox 670 3814 691 3901; x_wconf 86' lang='grc'><strong>);</strong></span> <span class='ocrx_word' id='word_1_212' title='bbox 716 3836 779 3880; x_wconf 89' lang='lat' dir='ltr'><strong>non</strong></span> <span class='ocrx_word' id='word_1_213' title='bbox 802 3823 909 3881; x_wconf 89' lang='lat' dir='ltr'><strong>autern</strong></span> <span class='ocrx_word' id='word_1_214' title='bbox 932 3813 1142 3901; x_wconf 90' lang='lat' dir='ltr'><strong>praecedentis</strong></span> <span class='ocrx_word' id='word_1_215' title='bbox 1158 3814 1333 3879; x_wconf 82' lang='lat' dir='ltr'><strong>Dominioae</strong></span> <span class='ocrx_word' id='word_1_216' title='bbox 1356 3809 1406 3878; x_wconf 88' lang='lat' dir='ltr'><strong>mi·</strong></span> 
     </span>
     <span class='ocr_line' id='line_1_30' title="bbox 354 3902 1408 3990; baseline -0.005 -23"><span class='ocrx_word' id='word_1_217' title='bbox 354 3903 464 3977; x_wconf 92' lang='lat' dir='ltr'><strong>noris,</strong></span> <span class='ocrx_word' id='word_1_218' title='bbox 488 3902 624 3989; x_wconf 91' lang='lat' dir='ltr'><strong>duplicis</strong></span> <span class='ocrx_word' id='word_1_219' title='bbox 647 3904 777 3990; x_wconf 88' lang='lat' dir='ltr'><strong>majoris</strong></span> <span class='ocrx_word' id='word_1_220' title='bbox 799 3905 850 3970; x_wconf 86' lang='lat' dir='ltr'><strong>vel</strong></span> <span class='ocrx_word' id='word_1_221' title='bbox 874 3904 1005 3971; x_wconf 88' lang='lat' dir='ltr'><strong>minoris</strong></span> <span class='ocrx_word' id='word_1_222' title='bbox 1029 3909 1084 3969; x_wconf 88' lang='lat' dir='ltr'><strong>aut</strong></span> <span class='ocrx_word' id='word_1_223' title='bbox 1113 3902 1354 3988; x_wconf 87' lang='lat' dir='ltr'><strong>semidupliois,</strong></span> <span class='ocrx_word' id='word_1_224' title='bbox 1376 3917 1408 3964; x_wconf 90' lang='lat' dir='ltr'><strong>ao</strong></span> 
     </span>
     <span class='ocr_line' id='line_1_31' title="bbox 355 3987 1408 4080; baseline -0.006 -24"><span class='ocrx_word' id='word_1_225' title='bbox 355 3992 416 4057; x_wconf 91' lang='lat' dir='ltr'><strong>diei</strong></span> <span class='ocrx_word' id='word_1_226' title='bbox 440 3988 566 4057; x_wconf 75' lang='lat' dir='ltr'><strong>Octava</strong></span> <span class='ocrx_word' id='word_1_227' title='bbox 589 3992 667 4080; x_wconf 87' lang='lat' dir='ltr'><strong>(nisi</strong></span> <span class='ocrx_word' id='word_1_228' title='bbox 684 4013 721 4059; x_wconf 90' lang='lat' dir='ltr'><strong>ea</strong></span> <span class='ocrx_word' id='word_1_229' title='bbox 737 3994 780 4059; x_wconf 91' lang='lat' dir='ltr'><strong>sit</strong></span> <span class='ocrx_word' id='word_1_230' title='bbox 795 3993 990 4080; x_wconf 77' lang='lat' dir='ltr'><strong>Epiphaniae,</strong></span> <span class='ocrx_word' id='word_1_231' title='bbox 1011 3992 1187 4068; x_wconf 87' lang='lat' dir='ltr'><strong>Paschatis,</strong></span> <span class='ocrx_word' id='word_1_232' title='bbox 1212 3987 1408 4058; x_wconf 76' lang='lat' dir='ltr'><strong>Ascensiouis</strong></span> 
     </span>
     <span class='ocr_line' id='line_1_32' title="bbox 355 4079 1410 4170; baseline -0.004 -24"><span class='ocrx_word' id='word_1_233' title='bbox 355 4090 387 4147; x_wconf 91' lang='lat' dir='ltr'><strong>et</strong></span> <span class='ocrx_word' id='word_1_234' title='bbox 410 4080 559 4168; x_wconf 84' lang='lat' dir='ltr'><strong>Corporis</strong></span> <span class='ocrx_word' id='word_1_235' title='bbox 583 4081 727 4170; x_wconf 80' lang='lat' dir='ltr'><strong>Christi),</strong></span> <span class='ocrx_word' id='word_1_236' title='bbox 750 4102 852 4168; x_wconf 89' lang='lat' dir='ltr'><strong>neque</strong></span> <span class='ocrx_word' id='word_1_237' title='bbox 877 4081 938 4149; x_wconf 91' lang='lat' dir='ltr'><strong>diei</strong></span> <span class='ocrx_word' id='word_1_238' title='bbox 960 4080 1044 4149; x_wconf 86' lang='lat' dir='ltr'><strong>inira</strong></span> <span class='ocrx_word' id='word_1_239' title='bbox 1067 4079 1241 4156; x_wconf 84' lang='lat' dir='ltr'><strong>Octavam,</strong></span> <span class='ocrx_word' id='word_1_240' title='bbox 1264 4081 1327 4148; x_wconf 91' lang='lat' dir='ltr'><strong>nisi</strong></span> <span class='ocrx_word' id='word_1_241' title='bbox 1349 4079 1410 4146; x_wconf 82' lang='lat' dir='ltr'><strong>imo</strong></span> 
     </span>
    </p>
   </div>
   <div class='ocr_carea' id='block_1_9' title="bbox 0 0 1763 4875">
    <p class='ocr_par' dir='ltr' id='par_1_12' title="bbox 0 0 1763 4875">
     <span class='ocr_line' id='line_1_33' title="bbox 0 0 1763 4875; baseline 0 0"><span class='ocrx_word' id='word_1_242' title='bbox 0 0 1763 4875; x_wconf 95' lang='lat' dir='ltr'><strong> </strong></span> 
     </span>
    </p>
   </div>
  </div>
 </body>
</html>
