3484 4875
677 406 771 457 GLPUT
787 412 808 456 1.
825 409 863 456 DL
880 405 990 458 GYCLLS

536 597 602 671 tto
621 605 800 674 Litteris
821 603 1127 688 martyrologii

355 775 410 847 12.
434 780 565 847 Litter'ae
588 780 830 869 Martyrologii‚
859 792 930 866 quoa
959 780 1133 845 ordinatim
1161 799 1259 865 supra
1288 778 1369 847 San·

288 876 418 936 otorum
441 869 594 935 historias
617 877 694 934 sunt
717 868 902 954 dispositae,
930 868 1073 933 indicant
1097 869 1231 952 siugulis
1257 867 1370 934 diebus

287 958 373 1033 anni,
397 967 498 1043 quota
521 957 610 1022 Luna
632 958 675 1022 sit
697 956 956 1043 pronuntianda,
981 964 1118 1041 suntque
1142 974 1276 1020 numero
1302 956 1371 1032 50,

287 1053 366 1129 quot
388 1046 553 1111 nimirum
566 1053 641 1120 sunt
665 1044 804 1129 lipaetna
828 1064 866 1109 en
890 1044 1005 1129 quihus
1030 1043 1144 1129 Cyelus
1167 1041 1368 1127 Lpactarum

288 1132 481 1207 coniicitur:
519 1151 655 1216 quarum
687 1132 755 1197 hace
792 1139 841 1196 est
876 1131 1084 1213 significatio:
1117 1129 1240 1195 Littera
1274 1152 1293 1194 o
1329 1132 1370 1197 si·

287 1219 421 1301 gnificat
442 1219 598 1307 Lpactam
622 1220 659 1293 t;
684 1220 712 1294 b,
736 1219 894 1305 lipactam
916 1219 955 1291 23
980 1239 1006 1293 c,
1032 1218 1186 1303 iipactam
1211 1218 1248 1291 3;
1274 1218 1305 1293 ct,
1330 1218 1370 1283 L·

287 1314 420 1391 paetam
455 1309 499 1388 45
536 1315 569 1372 et
602 1308 649 1371 sic
683 1308 816 1392 reliquae
853 1308 969 1371 litterae
1005 1307 1086 1371 alias
1117 1305 1255 1390 Lpactas
1287 1306 1369 1371 desi·

287 1403 397 1477 guant.
434 1395 554 1461 Ultima
590 1403 697 1459 tamen
732 1394 854 1480 Lpacta
891 1414 953 1459 uon
986 1402 1036 1457 est
1071 1394 1197 1475 signata
1233 1413 1368 1459 numero

286 1483 504 1559 arithmetico,
529 1483 585 1547 sed
609 1482 669 1547 hec
693 1492 768 1547 nota
785 1483 809 1557 *‚
834 1482 885 1547 cui
909 1480 1085 1566 respondet
1101 1482 1210 1546 littera
1227 1481 1251 1544 P
1269 1482 1370 1568 maju-

285 1572 386 1637 scula.
413 1571 661 1637 substituuntur
684 1580 792 1636 autem
815 1569 998 1655 hujusmodi
1024 1570 1155 1652 triginta
1185 1570 1304 1634 littoreo
1335 1572 1371 1637 in

286 1658 396 1724 locum
415 1658 458 1725 50
475 1678 685 1724 numerorum
708 1658 915 1744 Lpaeturum
932 1657 1109 1723 seeundum
1127 1658 1292 1741 antiquam
1309 1657 1369 1725 Lo·

286 1745 394 1812 clesiae
419 1746 696 1822 consuetudinem,
713 1766 784 1833 quae
801 1748 872 1811 loco
891 1748 1071 1811 thurcorum
1088 1765 1297 1810 numerorum
1314 1747 1367 1811 lit·

286 1842 372 1900 teras
400 1835 588 1920 usurpabat,
604 1855 644 1899 ne
667 1832 750 1900 forte
772 1838 804 1898 in
830 1834 918 1898 Luna
944 1832 1180 1919 pronuntianda
1204 1833 1259 1900 fiat
1276 1852 1370 1900 error

288 1930 317 1985 ot
333 1920 482 1987 confusio
499 1924 585 1988 inter
601 1942 752 1987 numeros
770 1922 857 2008 Gyeli
875 1922 1080 2006 Epactarum,
1094 1929 1125 1985 et
1142 1940 1295 1985 numeros
1313 1921 1366 1988 de·

286 2010 455 2093 signantes
478 2019 557 2094 quot
581 2010 649 2074 dies
671 2010 769 2075 hahet
790 2009 890 2075 Luna.
909 2008 956 2072 Ee
973 2008 1198 2095 Mortpmtopio
1216 2008 1369 2075 noniano.

353 2098 408 2163 te.
445 2097 558 2164 Modus
594 2116 669 2162 vero
705 2098 922 2181 cognoscendi
957 2097 1113 2161 Litteram
1148 2096 1369 2183 Martyrologii

287 2187 401 2269 quovis
432 2205 516 2250 anno
547 2185 675 2250 Domini
706 2194 756 2250 cst
787 2204 936 2270 sequens.
966 2183 1118 2248 Inventus
1150 2202 1304 2249 numerus
1332 2183 1370 2250 L-

287 2281 459 2356 pactarum
482 2274 557 2339 anni
580 2273 738 2358 propositi
760 2271 862 2359 (juxta
886 2274 1034 2356 superius
1059 2271 1145 2336 dicta
1168 2291 1199 2335 n.
1226 2269 1257 2356 5)
1282 2291 1368 2356 quae·

287 2369 377 2427 ratur
403 2362 436 2426 in
461 2359 593 2427 Tahella
625 2360 793 2446 sequenti,
825 2369 857 2425 et
889 2379 986 2444 super
1018 2358 1167 2423 eumdem
1195 2376 1367 2425 numerum

284 2448 484 2536 Epaetarum
508 2450 676 2535 apparebit
699 2449 819 2515 Littera
843 2448 1064 2535 hlertyrotogii
1088 2447 1163 2511 anni
1196 2447 1363 2531 propositi.

285 2534 488 2623 Exemplum.
513 2540 605 2603 Anno
630 2537 716 2602 tihi
738 2545 866 2602 constat
889 2535 1045 2622 Epaotam
1069 2533 1170 2599 fuisse
1196 2533 1238 2608 5,
1271 2554 1368 2620 super

286 2645 382 2709 quem
407 2645 579 2690 numerum
602 2627 634 2690 in
658 2624 791 2703 'fabella
814 2626 876 2689 sita
901 2631 949 2688 est
974 2623 1094 2688 Littera
1118 2622 1298 2687 minuscula
1334 2643 1371 2698 c,

284 2733 357 2796 quae
381 2711 445 2778 fuit
466 2712 588 2779 Littera
612 2713 832 2798 Martyrologii
857 2712 932 2778 anni
957 2711 1053 2776 4752.
1079 2710 1160 2776 item
1182 2730 1264 2774 anno
1282 2710 1370 2778 anet

285 2800 409 2887 Lpacta
432 2799 494 2865 fuit
509 2801 551 2866 25
576 2800 674 2866 rubra
698 2821 755 2866 seu
778 2801 900 2885 scripta
917 2799 1104 2864 charactere
1121 2797 1277 2874 Romano,
1294 2799 1370 2883 quia

281 2890 412 2954 Aureus
437 2908 591 2954 numerus
615 2887 759 2974 ejusdem
783 2889 857 2953 anni
882 2894 931 2952 cst
955 2888 1061 2952 minor
1085 2907 1182 2973 quam
1208 2886 1248 2951 th
1274 2884 1370 2972 (vide

285 2995 385 3062 supra
410 2997 443 3040 n.
469 2975 521 3062 5):
547 2996 623 3061 ergo
647 2976 769 3042 Littera
791 2975 815 3040 F
840 2975 1019 3061 majuscula
1043 2975 1142 3040 rubra
1166 2993 1223 3038 seu
1245 2974 1370 3058 scripta

285 3064 478 3129 charactere
494 3063 633 3129 rotundo
647 3063 707 3129 fuit
719 3063 841 3128 Littera
857 3063 1081 3149 Martyrologii
1098 3059 1370 3146 annuatque

286 3153 428 3237 singulis
442 3150 557 3218 dicbus
571 3152 714 3238 ejusdem
728 3153 803 3218 anni
818 3151 971 3217 indicavit
986 3152 1108 3215 varium
1121 3149 1218 3215 Lunae
1231 3168 1371 3215 cursum.

463 3321 627 3404 'ihBLth
650 3321 886 3405 truttmunt
909 3317 1191 3403 nnuttuunuuu

376 3461 755 3506 RESPONDENTIUM
785 3460 982 3504 NUMERIS
1011 3448 1297 3504 EPACTARUM.

302 3676 806 3791 QQMJAE
842 3697 860 3760 7
898 3697 917 3761 e
954 3671 1360 3789 ororrmte‘isst'r‘e*

304 3797 487 3912 ιῑιιᾟι
503 3797 1359 3908 ΠῖιῖΑ-ΒΤΙΓΠἩἮῙἘ

282 3918 434 3988 -naaae
484 3918 1349 4036 trennoro——aonraenentxxvnancnraenw
