3484 4875
370 475 413 541 74
567 498 659 543 curuo
676 499 703 543 v.
721 499 758 545 ne
774 498 952 547 77777777
969 495 1191 545 7777777777

346 600 508 689 Baptistae.
532 604 568 670 V.
593 606 624 671 S.
649 606 767 692 Joseph
790 605 905 693 Sponsi
930 607 963 672 B.
987 606 1027 672 ll.
1050 605 1202 692 Virginis,
1222 604 1269 669 Vl.
1290 603 1329 669 Ss.
1345 604 1368 669 l·

347 694 546 776 postolornm
562 702 595 759 et
610 694 893 779 Evangelistarum.
911 696 1059 761 Attamen
1076 694 1223 782 prelatio
1246 693 1380 782 diguitatis·
1417 743 1422 747 .

346 802 410 847 nou
433 782 608 848 attenditur
625 785 656 848 in
672 784 774 850 Fastis
792 784 971 869 duplicibus
989 784 1177 861 minoribus,
1195 777 1374 869 preterquuo'
1415 834 1420 872 5

346 869 378 935 iu
409 870 511 936 Festis
543 871 860 939 Commemoratiouis
893 872 924 938 S.
949 873 1039 938 Pauli
1070 881 1103 938 et
1133 871 1183 938 Ss.
1217 873 1376 957 Angelorum

347 957 531 1036 Custodum,
549 961 720 1048 ltaphaelis
737 971 769 1027 ct
793 960 960 1027 Gabrielis
984 961 1080 1027 Rubr.
1103 959 1207 1048 pecul.
1232 982 1262 1026 7.
1279 959 1343 1037 770,
1358 958 1377 1023 S.
1408 1008 1426 1020 .-

346 1047 382 1112 R.
403 1048 434 1115 0.
451 1049 493 1114 75
517 1050 600 1137 Sept.
627 1050 710 1115 7688
735 1051 766 1114 iu
788 1050 891 1116 Licea.
916 1051 957 1115 od
979 1050 1010 1125 7,
1035 1050 1075 1116 77
1097 1050 1163 1115 Ι777.
1186 1049 1273 1115 7707
1295 1049 1323 1113 77
1343 1048 1377 1113 07
1412 1106 1417 1109 ,

344 1137 459 1217 rand,
484 1140 524 1204 70
548 1141 632 1227 Sept.
658 1139 742 1204 7750
759 1140 790 1203 77
805 1161 867 1205 ooo
895 1139 967 1205 ura.
992 1137 1306 1226 1777777777777777
1334 1140 1380 1203 57

346 1225 388 1290 77
411 1227 489 1315 Apr.
516 1229 600 1293 7875
623 1229 655 1293 r'u
679 1228 902 1293 Panormitano
933 1228 975 1293 od
1004 1227 1026 1293 4
1057 1238 1086 1293 et
1110 1228 1139 1294 5.
1164 1226 1245 1292 ltem
1278 1233 1380 1292 nouat·
1416 1252 1426 1272 r

347 1314 487 1382 tenditur
509 1317 541 1381 iu
566 1316 774 1393 dicticinio,
798 1318 853 1382 illa
878 1324 1009 1403 excepta
1033 1316 1219 1402 quorumvis
1245 1314 1382 1381 Festomo
1417 1341 1418 1348 ¹

343 1401 470 1470 Domini
493 1415 524 1471 et
546 1406 580 1470 B.
605 1406 644 1471 ll.
668 1406 704 1472 V.
729 1427 786 1471 noc
811 1426 873 1471 nou
898 1405 930 1470 S.
955 1406 1085 1472 Joaunis
1110 1405 1259 1491 Apostoli
1282 1424 1384 1470 concur
1422 1431 1425 1458 o

343 1500 433 1558 rente
455 1515 527 1560 com
551 1496 652 1560 altera
676 1495 724 1561 Ss.
742 1496 973 1571 innocentium,
991 1516 1028 1559 ex
1051 1494 1235 1581 privilegio,
1253 1515 1315 1579 quo
1336 1511 1384 1558 cuo

344 1591 453 1647 eareat
476 1583 543 1648 dies
567 1582 684 1649 Octava
708 1583 922 1650 [dedicationis
946 1583 1111 1659 Ecclesiae,
1135 1582 1259 1648 idcireo
1282 1584 1315 1648 iu
1335 1601 1383 1648 ooo·

344 1672 505 1737 currentia
537 1693 609 1737 eum
641 1674 759 1758 duplici
784 1674 899 1739 minori
923 1672 1080 1758 Vesperas
1112 1670 1235 1737 dividit.
1261 1671 1292 1736 S.
1316 1671 1349 1735 ll.
1365 1669 1382 1735 8.

344 1757 385 1821 77
409 1760 486 1845 Α77.
512 1761 596 1826 7875
620 1762 652 1825 in
675 1762 898 1827 Panormitano
921 1761 963 1825 ad
987 1763 1017 1836 5,
1041 1760 1059 1825 7
1084 1760 1386 1846 repetundum

342 1845 519 1913 Marsorum
543 1860 571 1915 et
589 1851 629 1916 70
653 1851 730 1938 777.
748 1850 833 1916 7855
857 1851 889 1914 iu
911 1871 974 1915 rouo
994 1849 1067 1915 ura.
1084 1848 1159 1914 Min.
1181 1849 1307 1915 Obseru.
1324 1846 1388 1913 att.

342 1934 484 2021 Denique
507 1940 609 2004 multo
643 1941 744 2005 minus
768 1940 944 2005 attenditur
976 1940 1008 2004 in
1031 1938 1133 2004 Fastis
1158 1946 1190 2002 et
1214 1936 1335 2003 Officiis
1356 1956 1389 2001 so

340 2024 568 2114 miduplioibus
591 2029 686 2093 etiam
709 2029 835 2094 llomini
857 2027 868 2115 l
888 2028 914 2091 si
938 2028 1076 2114 excipias
1110 2026 1272 2091 secundas
1294 2025 1390 2113 Vespe-

343 2132 396 2177 ras
420 2113 619 2204 flaminicae),
638 2118 682 2181 uti
699 2138 746 2183 en.
763 2137 810 2202 gr.
828 2118 860 2181 in
878 2115 995 2182 Officiis
1019 2116 1142 2181 dierum
1162 2113 1249 2181 inira
1266 2114 1391 2186 Oetaeae

342 2201 375 2267 iu
403 2205 515 2269 rotiris
542 2205 598 2272 SS.
623 2204 822 2272 Sacramenti
849 2214 912 2271 etc.
935 2205 1030 2272 Roobr.
1054 2204 1155 2293 pocot.
1180 2228 1211 2269 7.
1240 2204 1304 2270 777
1328 2214 1353 2269 et
1370 2202 1392 2267 S.

342 2290 380 2356 u.
408 2291 439 2357 0.
466 2295 481 2358 7
507 2294 570 2359 777.
596 2294 680 2360 titt
705 2298 737 2359 iu
759 2294 942 2380 Zopobrr'cu.
1424 2357 1426 2378 ,

408 2381 473 2448 lV.“
496 2382 628 2464 Quando
656 2384 840 2472 procedens
872 2393 904 2449 ot
935 2383 1131 2469 subsequens
1155 2379 1308 2450 Officium
1336 2387 1395 2448 suut
1423 2385 1426 2443 i

342 2469 485 2555 ejusdem
509 2476 600 2548 ritus,
618 2475 740 2552 classis,
757 2482 789 2538 et
806 2473 969 2558 dignitatis
993 2472 1126 2556 insignis
1142 2471 1192 2536 vel
1209 2473 1332 2538 nullius
1352 2478 1394 2536 ant

342 2579 404 2624 non
428 2563 651 2647 attendendae,¹
669 2563 726 2628 sed
749 2583 811 2627 non
836 2563 1038 2627 solemnitate
1061 2561 1161 2647 paria,
1186 2560 1340 2649 Vespere
1357 2561 1393 2624 iu·

342 2655 441 2731 tegra
458 2662 550 2717 erunt
574 2644 613 2716 dc
636 2652 830 2717 solemniori.
852 2651 952 2716 Porro
976 2647 1201 2737 perpendenda
1219 2653 1392 2717 tautummt

343 2738 528 2805 solemnitas
552 2760 756 2825 magumque
779 2739 907 2804 Festum
925 2739 1057 2826 quodvis
1083 2737 1277 2826 (dnmmodo
1296 2738 1388 2825 duplet

342 2825 399 2910 sit)
423 2827 454 2890 in
478 2825 654 2913 respectiva
671 2827 812 2893 lleelesia
836 2828 1025 2895 celebretur.
1044 2829 1088 2893 ,tc
1113 2845 1237 2911 magnae
1264 2822 1386 2894 solemni-

344 2914 418 2977 tatis
435 2918 561 2989 nominc
584 2918 639 2982 ille
663 2917 757 2982 debet
780 2918 925 3001 intelligi,
950 2937 1019 3003 777
1043 2916 1233 2981 exteriorem
1261 2931 1391 3002 pompam

342 3002 529 3087 praeseferat
552 3007 584 3072 in
608 3004 729 3082 Officii,
761 3014 815 3070 aut
847 3008 961 3072 saltem
984 3006 1198 3091 Vesperarum
1228 3016 1346 3084 cantu,
1368 3001 1391 3065 in

342 3102 497 3177 apparatu
521 3095 643 3181 Templi
667 3096 863 3170 milliarum,
896 3103 950 3161 aut
977 3094 1215 3180 Supplieetioue
1240 3089 1392 3181 splendido

343 3181 406 3246 ritu
431 3191 572 3269 peracta,
597 3193 651 3250 orit
674 3184 875 3268 Indulgentiae
897 3185 1051 3271 plenaria,
1075 3183 1184 3248 aliisve
1207 3181 1240 3246 id
1265 3181 1392 3267 generis,

343 3271 478 3338 inarime
492 3293 567 3340 reru
584 3274 616 3339 in
633 3274 744 3359 Populi
762 3294 930 3347 concursio
949 3271 1026 3338 acteo
1044 3279 1078 3336 ut
1094 3271 1199 3336 omnia
1225 3281 1283 3337 aut
1306 3272 1392 3357 plera·

342 3380 402 3444 que
425 3382 463 3428 cx
486 3361 573 3428 hisee
589 3363 747 3449 adjunctis
764 3362 983 3427 celebritatem
1005 3359 1153 3436 efficiant,
1170 3380 1241 3445 quae
1257 3365 1392 3445 respectu

341 3448 450 3515 habito
482 3451 521 3517 ad
546 3454 732 3526 Civitatem,
761 3448 919 3536 Oppidum
943 3451 993 3514 rel
1017 3451 1137 3533 Pegum
1167 3469 1242 3513 rere
1270 3446 1391 3515 illustris

343 3547 520 3606 censentur.
544 3541 635 3620 Quod
660 3548 766 3606 autem
790 3538 884 3605 Festo
908 3538 1065 3604 adnexum
1088 3539 1141 3613 sit,
1156 3538 1206 3602 vel
1224 3557 1300 3614 nou,
1324 3553 1391 3623 pra·

344 3635 470 3709 ceptum
500 3630 647 3695 audiendi
671 3629 821 3703 Sacrum,
845 3629 877 3693 id
901 3629 1031 3693 minime
1053 3627 1208 3700 interest;
1241 3626 1334 3691 modo
1361 3640 1391 3686 nr

343 3714 447 3780 desint
468 3720 638 3805 precipuae
662 3739 700 3784 ex
730 3719 769 3783 iis
801 3738 880 3803 quas
905 3717 1142 3789 iocerrsuimus,
1175 3734 1300 3798 magnae
1323 3712 1389 3811 sole·

342 3805 485 3870 inuitatis
507 3815 626 3891 partes.
645 3807 739 3873 Rubr.
755 3807 854 3894 pecul.
872 3830 901 3871 7.
920 3806 994 3882 750,
1018 3807 1048 3871 S.
1068 3805 1101 3870 u.
1122 3805 1153 3870 C.
1171 3805 1212 3870 76
1229 3803 1301 3870 Jou.
1319 3800 1388 3892 litto

290 3932 294 3946 ι
341 3894 372 3957 r'o
396 3893 628 3960 Sontandcrica.
652 3896 693 3960 od
717 3897 757 3962 78
782 3905 811 3960 ct
837 3894 940 3961 Cenat.
966 3905 1005 3960 to.
1029 3895 1049 3959 7
1074 3917 1099 3960 7.
1124 3893 1165 3959 78
1190 3893 1219 3958 d.
1246 3894 1261 3957 l
1289 3916 1318 3956 7.
1342 3892 1366 3954 5.

410 3983 439 4048 5.
464 3981 581 4048 llirisio
606 3993 713 4050 erotem
746 3985 960 4069 vesperarum
983 3985 1106 4059 evenit,
1131 3982 1256 4068 quaudo
1286 3995 1387 4066 praeco·

343 4070 420 4138 daus
444 4081 477 4138 ct
498 4072 696 4160 subsequens
720 4072 864 4142 Officium
888 4081 961 4140 sunt
985 4071 1127 4159 ejusdem
1152 4073 1249 4149 uitus,
1269 4066 1386 4137 elassis,
