3484 4875
562 495 782 546 anuormvonns
798 500 828 545 vn
843 498 934 546 rrsra
950 500 1112 547 uacnuunvs
1281 483 1346 549 425

327 614 457 673 autem
490 604 645 692 ejusmodi
668 604 797 673 Festum
829 608 993 692 reponitur
1010 607 1074 696 ,die
1105 608 1147 675 ab
1175 628 1212 675 ac
1235 610 1365 695 pariter

326 696 494 761 occurrit
523 696 554 760 in
579 694 732 781 praedicta
755 695 847 761 Feria
870 706 1006 781 quarta,
1035 696 1068 763 id
1097 699 1260 784 peragitur
1285 698 1371 783 quod

326 785 458 871 paullo
484 790 558 849 ante
581 783 777 850 declaratum
799 792 858 859 est,
874 785 929 850 sed
946 786 978 850 in
994 785 1087 851 ilissa
1104 795 1220 872 praeter
1236 807 1372 853 comme·

327 874 563 940 morationem
586 871 708 956 Vigiliae
731 873 764 939 S.
782 872 911 939 Thomae
933 874 966 940 in
988 894 1059 939 eam
1084 873 1166 940 diem
1190 874 1370 952 incidentis,

327 961 479 1028 videtur
501 981 627 1048 quoque
650 962 740 1027 locus
763 961 877 1027 adesse
899 963 1011 1028 ultimo
1034 962 1203 1048 Evangelio
1227 964 1370 1050 ejusdem

327 1048 485 1136 vigiliae,
505 1071 543 1115 eo
568 1048 651 1136 quod
677 1049 736 1129 ltoc
759 1051 791 1116 in
815 1070 892 1116 casu
915 1051 1045 1117 homilia
1061 1051 1183 1137 Vigiliae
1206 1054 1237 1118 in
1261 1052 1371 1119 Officio

328 1157 401 1225 per
421 1139 573 1205 accidens
590 1147 713 1205 tautum
737 1140 906 1216 omittitur,
923 1160 984 1205 non
1007 1159 1063 1227 per
1079 1160 1122 1205 se.
1142 1140 1273 1207 Consule
1289 1142 1372 1229 qtvod

329 1229 575 1316 praestituimus
597 1228 653 1292 sub
676 1228 725 1291 die
748 1227 789 1292 25
814 1226 1031 1294 Februariis.
1055 1228 1124 1293 Xll.

333 1322 426 1382 .'—
449 1316 474 1381 1.
498 1314 628 1395 Quoties
650 1315 779 1382 Festum
810 1316 844 1383 tt.
869 1316 1005 1383 Conradi
1028 1316 1067 1382 ab
1092 1317 1223 1405 Ophpda
1256 1328 1371 1404 agatur

330 1405 372 1470 in
400 1403 549 1483 Quattuor
571 1404 790 1491 Temporibus,
814 1405 979 1471 Lectiones
1002 1407 1095 1492 primi
1119 1406 1271 1474 Nocturni
1295 1408 1371 1475 hau·

331 1495 478 1560 riuntur
500 1515 517 1559 e
540 1493 705 1559 Communi
729 1495 867 1559 secundo
893 1496 973 1571 loco,
991 1515 1103 1581 nempe
1119 1494 1232 1561 Beatus
1255 1497 1312 1573 vir,
1331 1518 1369 1562 ac

333 1602 433 1649 nona
456 1582 564 1647 Lectio
588 1590 637 1649 est
660 1581 699 1647 d'e
722 1582 852 1648 homilia
876 1582 985 1660 Furiae,
1003 1583 1092 1668 cujus
1110 1588 1370 1652 commemoratio

337 1670 381 1736 tit
406 1671 441 1737 in
466 1671 625 1737 Laudibus
642 1679 674 1736 et
689 1670 784 1736 ldissa
808 1692 880 1738 cum
904 1672 1003 1757 ipsius
1027 1672 1196 1757 Evangelio
1219 1674 1249 1738 in
1267 1675 1370 1740 Missae

336 1758 431 1833 line;
456 1761 538 1825 binae
563 1759 690 1826 taudem
723 1760 871 1827 dicontur
894 1761 997 1826 llissae
1020 1760 1249 1828 Conventuales
1272 1772 1368 1850 prout

334 1848 415 1934 jam
450 1848 616 1915 docuimus
650 1847 721 1913 cd
757 1849 831 1915 ul
867 1859 897 1914 et
932 1870 1020 1935 seqq.
1056 1850 1114 1915 Ubi
1137 1871 1233 1937 porro
1265 1873 1368 1938 neque

343 1936 483 2004 Festum
518 1938 598 2003 illud
633 1946 803 2014 occurrat,
834 1958 937 2023 neque
968 1938 1053 2005 aliud
1080 1940 1296 2025 reponendum
1332 1943 1374 2007 sit
1444 1957 1449 1976 ’-

345 2026 469 2113 duplex
500 2027 550 2091 vel
580 2026 799 2111 semiduplex‚
830 2025 974 2093 Ollieium
1005 2029 1197 2113 persolvitur
1220 2028 1258 2093 de
1279 2029 1374 2095 Feria

346 2114 497 2195 Quatuor
524 2114 739 2201 Temporum,
767 2115 850 2202 quod
880 2136 993 2201 nempe
1017 2115 1183 2182 ordinatur
1204 2118 1299 2183 sicuti
1326 2119 1374 2183 iu·

346 2206 481 2270 nuimus
508 2205 539 2270 in
569 2201 804 2270 Dominicis-et
833 2204 933 2269 Feriis
962 2204 1122 2270 Adventus
1152 2226 1182 2269 n,
1207 2204 1227 2270 6
1258 2213 1290 2270 et
1320 2205 1371 2271 die

350 2293 394 2359 ll
421 2292 517 2378 hujus
542 2313 572 2358 n.
597 2292 635 2359 11.

394 2381 435 2449 ll.
461 2381 495 2448 Si
518 2380 612 2446 hodie
635 2382 676 2448 sit
699 2380 886 2458 Sabbatum,
903 2383 934 2448 in
957 2381 1052 2447 Missa
1075 2381 1119 2448 ita
1144 2379 1301 2466 agendum
1326 2391 1376 2451 est

348 2471 390 2541 de
407 2471 523 2556 Vigilia
546 2469 578 2536 S.
595 2470 724 2537 Thomaa
740 2473 885 2558 Apostoli
908 2473 1089 2557 anticipata,
1107 2469 1374 2558 quemadmodum

349 2561 499 2646 sequenti
523 2559 573 2625 die
596 2561 701 2645 palam
724 2559 787 2626 bet.

328 2647 360 2717 0.
385 2685 431 2699 -
454 2648 477 2715 l.
511 2648 604 2734 Apud
633 2649 785 2715 ldoniales
808 2649 907 2715 Tertii
938 2646 1066 2714 Ordinis
1097 2647 1226 2715 Festum
1258 2649 1374 2714 colitur

349 2738 386 2805 B.
412 2737 571 2803 Leonardi
594 2737 626 2802 G.
644 2737 674 2805 d.
691 2738 764 2823 maj.
782 2759 809 2805 c.
834 2739 896 2804 alb.
922 2736 973 2824 (lt.
998 2738 1034 2802 Α.
1051 2757 1088 2802 ex
1112 2736 1154 2803 ab
1170 2735 1259 2824 Nov.)
1275 2735 1366 2804 Omn.

350 2835 389 2894 ut
411 2826 467 2902 ibi,
491 2845 572 2893 com.
596 2824 653 2892 ier.
678 2828 710 2892 iu
734 2826 767 2892 L.
792 2836 824 2892 et
847 2828 886 2892 ll.
911 2846 958 2912 pr.
984 2826 1002 2889 5
1027 2846 1072 2891 or.
1089 2824 1157 2912 Vig.
1182 2847 1256 2894 cum
1278 2825 1372 2912 hujus

351 2915 528 3000 llvangelio
552 2918 583 2981 in
606 2915 646 2980 Μ.
670 2915 753 2990 floe;
778 2916 847 2981 vide
871 2936 944 2982 mox
967 2914 1109 2980 dicenda.

398 3003 437 3069 ll.
463 3003 541 3070 Corn
556 3005 670 3088 Vigilia
695 3003 727 3069 S.
744 3003 875 3070 T-homaa
897 3005 1036 3070 occurrit
1060 3005 1091 3069 in
1114 3002 1206 3071 Feria
1229 3003 1372 3085 Quatuor

351 3091 570 3179 Temporum,
602 3093 760 3178 simulque
783 3094 815 3159 in
837 3093 932 3160 Festo
957 3092 1074 3180 duplici
1097 3093 1147 3158 vel
1171 3093 1371 3180 semiduplici

352 3181 452 3247 etiam
476 3182 643 3258 translato,
661 3180 804 3248 Ollioium
828 3183 991 3269 peragitur
1014 3182 1055 3246 de
1078 3180 1181 3258 Festo,
1199 3183 1229 3247 in
1255 3181 1373 3268 quode

350 3268 470 3355 vigilia
493 3271 572 3336 nihil
595 3270 646 3345 tu;
670 3291 753 3337 nona
776 3270 884 3338 Lectio
908 3279 957 3336 est
972 3270 1011 3335 de
1034 3269 1162 3335 homilia
1187 3270 1298 3346 Feriae,
1323 3290 1374 3334 ou·

347 3358 404 3445 jus
428 3360 723 3426 commemorationi
746 3358 840 3425 datur
870 3361 959 3426 locus
983 3361 1014 3424 in
1037 3357 1196 3425 Laudibus
1220 3366 1252 3424 et
1275 3358 1371 3423 Missa

352 3467 431 3514 cum
455 3450 548 3514 tertia
571 3445 722 3514 Oratione
744 3447 783 3514 de
806 3447 938 3532 vigilia,
962 3457 1056 3532 atque
1080 3445 1248 3531 Evangelio
1272 3445 1374 3511 Feriae

353 3537 386 3601 iu
410 3535 493 3611 tine;
518 3538 588 3602 duae
611 3537 742 3623 insuper
765 3536 914 3603 dicuutur
936 3535 1039 3601 Missae
1063 3534 1302 3601 Conventuales.
1325 3533 1376 3599 Vi·

353 3624 470 3690 deotur
491 3629 648 3692 ouuototio
671 3626 702 3690 iu
725 3625 808 3691 diem
830 3625 872 3692 ut
896 3624 987 3690 Febr.
1011 3647 1041 3690 u.
1064 3622 1134 3689 Xll.
1157 3623 1215 3690 Ubi
1238 3643 1312 3689 vero
1344 3623 1378 3688 in

352 3712 417 3779 hoc
441 3714 552 3780 eodem
577 3735 652 3781 casu
677 3735 779 3800 neque
802 3715 951 3789 occurrit,
968 3732 1069 3798 neque
1092 3713 1202 3799 reponi
1224 3732 1303 3799 opus
1328 3718 1379 3778 est

354 3801 487 3869 Festum
511 3802 640 3888 aliquod
664 3802 779 3890 duplex
802 3805 851 3869 vel
874 3801 1084 3888 semiduplex‚
1108 3802 1300 3888 persolvitur
1322 3798 1377 3867 Ol·

353 3891 463 3960 licium
496 3891 535 3957 de
558 3892 650 3960 Feria
672 3890 814 3972 Quatuor
836 3892 1050 3977 Temporum‚
1083 3900 1114 3955 et
1144 3910 1273 3957 rursum
1297 3889 1377 3956 nihil

354 3982 463 4066 agitur
492 3981 532 4047 de
561 3980 696 4067 vigilia:
726 3981 811 4066 quod
841 4001 955 4066 nempe
985 3977 1129 4046 Ollicium
1164 3979 1375 4046 ordinandum

354 4078 428 4148 est,
462 4071 509 4138 uti
541 4071 609 4157 jam
640 4069 828 4138 tradidimus
855 4071 887 4138 in
922 4069 1094 4136 Dominicis
1126 4076 1159 4135 et
1182 4068 1283 4136 Fertis
1314 4066 1377 4133 nd·
