3484 4875
515 516 689 564 amusium
705 518 735 565 m
751 516 952 565 nunuuunnnn
968 518 1102 565 amonuit
1256 498 1319 566 255

274 621 348 687 Dec.
373 622 461 688 tuit
488 625 519 688 in
540 624 689 710 Narniam.
713 626 755 692 cni
778 628 797 692 5
820 625 869 715 (Ἴ.
897 626 1140 701 Ferrarienses‚
1164 625 1191 690 si
1215 626 1341 710 quando

274 713 308 777 S.
325 708 460 796 'Georgii
483 712 524 779 Μ.
548 713 677 781 Patroni
700 715 887 802 principalis
910 716 1039 781 Festum
1065 712 1184 780 incidat
1206 714 1237 779 in
1262 712 1340 779 Sab-

274 801 387 865 batum
410 809 567 879 sanctum,
583 805 749 889 privilegiu
772 803 923 871 fruuntur
945 803 1028 870 iilud
1051 800 1262 869 transferendi
1278 822 1341 868 una

276 908 351 955 cum
375 886 492 955 Octava
516 910 554 957 aa
576 902 737 980 praecepto
769 892 918 960 audiendi
951 892 1085 958 Sacrum
1108 899 1140 957 et
1163 889 1342 957 abstinendi

276 999 295 1044 a
319 977 500 1054 servilibus,
523 980 554 1044 in
579 979 703 1047 Feriam
726 983 854 1048 tertiam
879 990 951 1068 post
966 981 1163 1047 Dominiuam
1186 980 1218 1045 in
1242 979 1341 1045 uthis.

275 1066 374 1156 Apud
396 1065 553 1133 Pittnnum
576 1068 614 1133 de
639 1069 752 1136 Octava
775 1070 913 1137 Pascua.
1141 1076 1161 1110 *

335 1409 371 1485 (Ἴ
391 1409 530 1471 Candeias
550 1409 698 1488 Tniunguii
720 1419 835 1491 oportet
861 1410 997 1491 conjungi
1019 1410 1048 1473 in
1069 1409 1147 1472 aaice
1167 1419 1197 1471 et
1217 1408 1285 1488 qum
1308 1426 1342 1470 u·

275 1508 346 1551 num
359 1489 456 1562 'vetuti
484 1488 659 1563 efformare,
685 1490 791 1552 exinde
813 1492 841 1553 in
872 1500 931 1554 nes
951 1490 1086 1571 distingui
1107 1508 1189 1571 oequu
1217 1490 1291 1551 inter
1311 1507 1342 1551 su

276 1569 401 1641 dissitas,
421 1569 493 1632 adeo
515 1579 546 1633 ut
566 1570 700 1647 trianguli
723 1570 884 1633 similitudo
906 1570 934 1634 in
956 1571 1064 1634 vertice
1084 1571 1203 1642 oriatur,
1228 1569 1263 1630 ad
1285 1572 1344 1649 ity-

277 1650 396 1712 stenium
425 1668 529 1731 nempe
551 1650 670 1712 Unitatis
701 1660 729 1713 et
750 1650 898 1715 Trinitatis
920 1650 972 1715 Dei
1000 1670 1053 1733 pei
1084 1650 1213 1730 symbola
1244 1650 1342 1729 expri-

281 1730 426 1793 mendum.
451 1731 524 1793 Gau.
544 1748 576 1809 p.
599 1733 617 1792 i
638 1735 682 1793 tit.
706 1734 744 1794 tu
764 1752 793 1794 u.
816 1735 844 1795 5.
