3484 4875
724 465 853 541 218
1444 460 1455 472 ’
1539 492 1725 540 resa-A
1767 493 1979 541 mam

1392 641 1786 731 Indulqentia
1829 644 2126 731 plenaria

869 777 905 842 fl
937 773 1001 840 S.
1051 773 1286 840 Coletae
1330 774 1403 840 V.
1453 773 1546 862 (2
1595 775 1723 864 Ο.)
1772 777 1832 843 (1.
1880 777 1921 841 2
1987 778 2067 843 cl.
2120 798 2175 842 e.
2226 775 2354 843 alh.
2404 778 2470 844 ll.
2532 776 2559 841 1
2604 797 2651 843 n.
2682 775 2735 841 Do

1022 862 1200 947 virq„
1246 863 1287 927 2
1335 884 1432 950 pr.
1482 864 1547 927 in
1595 866 1666 930 B.
1714 886 1862 939 ree„
1914 863 1950 928 5
1995 865 2225 930 Decem
2273 865 2427 952 vir-9.
2472 865 2538 931 Iu
2577 864 2739 944 Quadr.

1023 950 1061 1015 9
1111 952 1155 1016 l.
1190 958 1255 1015 et
1287 971 1454 1016 com.
1485 951 1602 1018 fer.
1652 962 1775 1019 ete.
1824 952 1961 1017 Mis.
2009 952 2173 1019 Vult.
2226 962 2404 1017 tuum
2437 974 2525 1019 or.
2554 952 2741 1039 pr.‚Ev.

1024 1059 1099 1104 ex
1147 1039 1283 1105 Mis.
1334 1039 1539 1105 Dileoe.
1591 1049 1655 1105 et
1707 1041 1809 1106 Cr.
1859 1040 1931 1105 In
1978 1041 2166 1127 Vesp.
2220 1061 2386 1107 eom.
2437 1062 2561 1127 seq.
2602 1039 2748 1106 anto

1024 1125 1255 1192 Doctor
1300 1148 1394 1193 or.
1443 1147 1541 1213 pr.
1590 1128 1753 1216 (fer.
1802 1128 1866 1193 in
1917 1126 2194 1215 Quadr.)
2243 1148 2319 1195 ae
2368 1128 2468 1195 Ss,
2502 1130 2751 1215 Perpetua
2832 1129 2842 1184 l

1027 1221 1091 1279 et
1137 1214 1493 1281 Felicitatis
1540 1216 1688 1282 Mm.
1743 1224 1813 1282 ut
1860 1215 1972 1281 ibi.

873 1302 1005 1369 5³18.
1055 1302 1316 1369 Thomae
1362 1306 1589 1389 Aquin.
1629 1304 1693 1369 C.
1746 1311 1810 1369 et
1855 1304 2040 1380 Dect.
2085 1304 2148 1369 d.
2197 1307 2353 1371 min.
2391 1326 2446 1370 c.
2494 1306 2609 1371 alb.
2638 1302 2757 1369 Omn.

1028 1389 1107 1456 de
1154 1391 1327 1457 Com.
1376 1392 1557 1457 Doct.
1594 1401 1834 1478 praeter
1879 1391 1948 1457 11.
1982 1391 2023 1455 2
2069 1413 2132 1457 n.
2179 1412 2306 1479 pr„
2358 1413 2522 1459 com.
2554 1392 2760 1459 Samni

1028 1480 1091 1543 in
1139 1479 1207 1545 L.
1258 1487 1323 1544 et
1372 1480 1447 1545 M.
1498 1500 1593 1566 pr.
1631 1500 1779 1545 eum
1834 1480 1934 1546 Cr.
1984 1480 2055 1545 In
2105 1479 2347 1559 Quadr.
2399 1482 2440 1547 9
2487 1482 2530 1547 l.
2563 1490 2620 1546 et
2659 1498 2763 1545 com.

1027 1566 1143 1632 fer.
1196 1576 1345 1633 ante
1391 1566 1491 1633 Ss.
1541 1569 1690 1633 Mm.
1740 1575 1863 1633 ete.
1900 1568 2087 1654 Vesp.
2141 1589 2177 1634 a
2225 1590 2370 1656 cap.
2408 1589 2539 1655 seq.
2573 1589 2655 1635 or.
2690 1587 2765 1655 pro

695 1693 696 1700 Ν
737 1741 818 1801 ιν
873 1675 1463 1810 as.⁰fggian¹}2ae‘c³1}
1512 1654 2209 1811 {egerdumerffiflr'e
2261 1746 2392 1812 alb.
2442 1748 2509 1813 ιι.
2560 1747 2588 1809 1
2635 1765 2687 1809 n.
2724 1740 2769 1805 de
2820 1714 2827 1719 ’

1029 1831 1170 1897 Ser.
1207 1853 1364 1907 occ„
1411 1834 1477 1897 in
1527 1831 1765 1910 Quadr.
1800 1832 1976 1898 Beat.
2026 1834 2142 1910 vir,
2192 1834 2310 1900 rel.
2346 1854 2447 1919 pr.
2481 1834 2549 1898 In
2598 1828 2769 1911 Quadr.

1031 1920 1069 1985 9
1120 1921 1161 1985 1.
1212 1929 1276 1986 et
1323 1941 1488 1986 eom.
1537 1919 1654 1986 fer.
1704 1930 1826 1987 ete.
1875 1920 2012 1985 Mis.
2066 1929 2138 1987 ut
2182 1922 2291 1987 ibi.
2341 1922 2417 1988 In
2479 1922 2650 1987 Mart.
2691 1917 2771 1982 11.

1028 2007 1345 2074 Bononiae.
1394 2009 1583 2095 Vesp.
1633 2028 1768 2094 seq.
1816 2009 1872 2092 Ῡ.
1924 2016 2053 2073 ant.
2104 2009 2187 2075 ad
2233 2010 2402 2096 Mag.
2450 2017 2515 2077 et
2562 2030 2647 2075 or.
2688 2025 2773 2093 pr„

1032 2116 1195 2161 eom.
1246 2117 1439 2184 praec.
1490 2106 1557 2162 et
1600 2096 1716 2163 fer.
1769 2098 1834 2164 in
1883 2093 2121 2174 Quadr.

729 772 774 838 [3

737 1301 778 1365 Γ.

1387 2228 1782 2314 Indulqentia
1826 2228 2119 2317 plenaria

876 2356 914 2421 Η
947 2359 1009 2424 S.
1062 2358 1421 2425 Catharinae
1467 2359 1709 2424 Bonon.
1759 2358 1830 2424 V.
1882 2359 1967 2446 (2
2015 2356 2126 2446 Ο.)
2174 2358 2236 2423 (1.
2285 2358 2326 2425 2
2377 2360 2460 2425 cl.
2509 2379 2563 2424 e.
2598 2356 2704 2423 alb·
2734 2354 2775 2420 lt

1036 2449 1066 2513 1
1123 2469 1183 2513 n.
1235 2448 1325 2513 De
1386 2448 1540 2534 vir-9.
1571 2497 1588 2524 ‚
1636 2448 1755 2513 rel.
1804 2468 1952 2513 enm
2016 2455 2147 2513 ant.
2200 2447 2282 2513 ad
2342 2448 2579 2513 Bened.
2624 2467 2703 2532 pr.
2735 2443 2779 2508 11

1036 2535 1275 2614 Quadr.
1312 2537 1350 2602 9
1400 2537 1442 2601 l.
1479 2545 1543 2601 et
1592 2556 1757 2600 com.
1794 2534 1910 2601 fer.
1960 2543 2082 2601 ete.
2130 2536 2268 2600 Mis.
2305 2544 2379 2601 ut
2427 2536 2515 2600 ibi
2563 2554 2688 2599 cum
2713 2530 2777 2597 Gr.

748 2708 751 2709 ⁷
937 2683 938 2693 ,
1034 2624 1106 2689 In
1153 2624 1343 2709 Vesp.
1397 2644 1560 2689 com.
1612 2643 1746 2709 seq.
1798 2643 1891 2688 or.
1942 2643 2064 2708 pr„
2112 2629 2178 2689 et
2223 2621 2341 2688 fer.
2393 2624 2458 2689 in
2508 2622 2715 2703 Quadr.

742 2706 786 2770 F
842 2708 918 2774 fl]
950 2711 1048 2776 Ss.
1099 2711 1537 2794 Quadraginta
1586 2711 1736 2776 Mm.
1786 2731 1943 2776 sem.
1989 2732 2043 2776 e.
2093 2711 2234 2776 rub.
2286 2712 2354 2776 ll.
2409 2712 2439 2776 1
2484 2733 2545 2777 n.
2581 2710 2650 2775 de
2687 2707 2777 2773 Sor.

1036 2819 1207 2874 occ„
1257 2801 1318 2864 in
1369 2799 1607 2879 Quadr.
1656 2797 1769 2863 Fr.
1819 2798 2038 2874 debit„
2085 2798 2127 2863 2
2176 2818 2311 2884 pr.,
2361 2800 2399 2864 5
2452 2796 2779 2864 Descendens.

1036 2886 1109 2950 In
1157 2885 1394 2963 Quadr.
1445 2889 1483 2954 9
1534 2888 1575 2952 1.
1613 2892 1678 2952 et
1726 2906 1889 2952 com.
1925 2886 2043 2951 fer.
2093 2893 2215 2951 ete.
2264 2887 2405 2952 Mis.
2442 2895 2512 2953 ut
2558 2886 2658 2961 ibi,
2694 2883 2782 2948 202

939 2989 942 2994 ”
1043 2974 1079 3036 5
1131 2972 1349 3062 Oratio
1400 2975 1476 3041 de
1525 2983 1743 3060 temp„
1793 2975 1856 3039 in
1904 2973 2142 3053 Quadr.
2194 2975 2231 3038 5
2281 2972 2505 3041 Oratio
2547 2975 2601 3040 A
2644 2974 2780 3038 cunct.

1038 3061 1110 3125 Iu
1174 3062 1357 3128 Mart.
1410 3063 1440 3127 1
1513 3064 1557 3129 l.
1604 3064 1666 3129 S.
1716 3061 2094 3143 Franciseoe.
2141 3062 2333 3149 Vesp.
2383 3082 2520 3148 seq.
2587 3082 2672 3127 or.
2706 3075 2784 3145 pr„

954 3237 1017 3303 S.
1042 3149 1862 3305 ⁰3ffifflss¹gffg⁹112¹ffiffl¹f¹
1885 3148 2154 3304 affiffii.
2198 3259 2254 3304 ο.
2304 3238 2434 3303 alb.
2485 3239 2554 3305 ιι.
2604 3238 2714 3303 11'1.
2737 3227 2785 3295 de

1041 3323 1182 3392 Ser.
1234 3347 1392 3403 oce„
1442 3328 1507 3392 in
1556 3325 1796 3406 Quadr.
1843 3325 2174 3392 Mulcerent
2217 3328 2495 3412 fortem,
2541 3327 2583 3392 2
2629 3311 2785 3412 pr..3

1049 3414 1383 3481 Thesauro.
1433 3414 1502 3480 In
1564 3413 1802 3494 Quadr.
1853 3415 1891 3480 9
1944 3415 1985 3481 l.
2034 3422 2100 3479 et
2161 3434 2325 3480 com.
2374 3412 2495 3480 fer.
2544 3423 2658 3480 ete.
2697 3405 2785 3474 Mis·

1047 3502 1316 3589 Coqnovi
1360 3523 1453 3569 or.
1504 3523 1611 3588 pr.
1652 3502 1842 3588 Vesp.
1893 3522 1929 3567 a
1985 3523 2124 3588 cap.
2177 3522 2312 3587 seq.
2364 3512 2498 3569 ant.
2548 3502 2625 3568 ad
2679 3497 2785 3576 Mag.

1049 3591 1096 3656 0
1144 3592 1375 3657 Doctor
1419 3610 1514 3656 or.
1562 3611 1684 3676 pr..
1732 3610 1898 3656 com.
1947 3611 2164 3676 praee„
2212 3597 2277 3656 et
2332 3589 2452 3656 fer.
2502 3592 2566 3656 in
2613 3581 2784 3668 Quadr.

745 3673 794 3738 Α
845 3674 1020 3765 ᾸῘῈἎΞ.
1072 3677 1364 3765 Gregorii
1410 3679 1438 3743 1
1484 3679 1598 3764 Pp.
1648 3679 1714 3744 G.
1765 3688 1829 3745 et
1874 3678 2056 3744 Doct.
2110 3678 2170 3744 d.
2222 3679 2374 3744 min.
2426 3700 2482 3744 e.
2534 3678 2651 3744 alb.
2693 3664 2780 3738 {tt

1044 3787 1106 3831 n.
1140 3768 1548 3856 Sapientiam,
1596 3768 1714 3832 rei.
1767 3787 1886 3852 pr„
1922 3767 1960 3832 8
2009 3766 2070 3852 ¹&-
2117 3765 2192 3831 In
2236 3766 2464 3832 medio.
2498 3766 2566 3831 In
2613 3755 2782 3844 Quadr-

1046 3854 1085 3920 9
1120 3856 1163 3920 l.
1200 3864 1262 3922 et
1311 3875 1474 3921 com.
1508 3853 1623 3919 fer.
1660 3864 1782 3920 etc.
1818 3854 1954 3919 Mis,
1989 3863 2060 3919 ut
2106 3855 2192 3918 ibi
2242 3874 2389 3920 cum
2430 3855 2531 3921 Cr.
2564 3854 2628 3919 In
2657 3849 2778 3915 Mart

1046 3943 1078 4007 1
1132 3944 1175 4008 1.
1231 3943 1505 4010 Tuder-ti.
1555 3942 1743 4028 Vesp.
1794 3962 1830 4006 a
1882 3962 2021 4028 cap.
2071 3962 2207 4028 seq.
2257 3941 2382 4031 (Μ.
2433 3941 2537 4030 S.)
2581 3960 2664 4007 or.
2699 3947 2774 4020 pro

1046 4049 1210 4098 com.
1261 4052 1479 4118 praec„
1527 4038 1593 4097 et
1637 4028 1756 4098 fer.
1806 4032 1871 4096 in
1919 4029 2156 4109 Quadr.

697 2350 822 2422 ,Ε

750 3234 793 3298 G
846 3220 942 3298 ’11

822 3286 830 3398 i
