3484 4875
553 496 646 542 caeur
662 496 695 541 11.
713 496 751 541 nn
768 494 919 541 raruanus
936 496 1036 541 rusrrs
1052 496 1190 542 cocorum
1340 478 1381 545 59

329 604 439 668 tionem
475 602 561 667 Deos
588 603 642 689 qul
674 603 799 676 solutis:
830 603 902 668 aliis
934 603 1133 690 temporibus
1173 603 1310 669 Concede
1345 628 1400 672 uos

329 690 487 777 (attamen
512 690 596 757 infra
620 691 772 757 Octavam
799 692 833 755 B.
852 692 890 755 tt.
909 691 945 756 V.
964 700 995 756 et
1025 693 1179 758 Omnium
1197 691 1401 772 Sanctorum,

331 780 531 845 substituitur
553 780 574 844 9
598 778 708 845 Oratio
733 780 772 845 de
796 779 921 865 Spiritu
945 790 1056 845 saneto
1073 780 1106 865 );
1133 781 1226 844 tertia
1256 781 1403 848 Ecclesiae

332 869 377 933 rel
398 889 457 955 pro
481 868 581 953 Papa,
605 869 668 933 nisi
691 867 837 933 lacienda
854 868 896 933 sit
913 867 1019 951 aliqua
1038 870 1311 945 commemoratio,
1329 872 1403 955 quia

333 964 400 1020 tunc
423 955 534 1021 Oratio
560 960 598 1021 do
622 956 654 1021 S.
680 956 779 1021 Maria
803 957 853 1020 vel
878 956 916 1021 de
940 955 1061 1040 Spiritu
1086 965 1197 1020 sancto
1231 956 1348 1022 dicitur
1381 960 1400 1023 5

334 1044 406 1119 loco,
430 1053 461 1109 et
485 1044 597 1109 Oratio
621 1043 768 1109 Ecclesiae
790 1045 839 1108 vel
864 1064 922 1129 pro
947 1044 1033 1129 l‘apa
1058 1046 1233 1116 omittitur:
1264 1046 1349 1129 quod
1373 1050 1401 1113 si

336 1131 440 1218 duplex
463 1134 728 1197 commemoratio
752 1131 882 1206 incidat,
907 1134 1066 1197 omittitur
1090 1133 1186 1197 etiam
1219 1130 1328 1197 Oratio
1362 1134 1401 1199 de

337 1218 362 1283 S.
383 1221 480 1285 Maria
505 1221 554 1285 vel
579 1222 618 1285 de
642 1220 764 1306 Spiritu
789 1228 911 1285 sancto.
938 1220 1032 1284 nator.
1059 1220 1103 1285 tlt.
1128 1221 1147 1285 9
1169 1243 1198 1283 o.
1218 1221 1248 1285 9.
1267 1221 1401 1308 Symbo-

337 1307 390 1373 lum
413 1307 496 1373 inlra
521 1306 675 1374 Octavam
700 1316 826 1374 tantum
851 1309 958 1373 locum
991 1308 1102 1384 trahet,
1127 1308 1254 1392 quaudo
1279 1309 1401 1376 dietum

337 1397 426 1461 estin
451 1397 502 1461 die
524 1396 634 1471 Festi,
660 1396 833 1461 dummodo
858 1396 980 1462 dictum
1004 1398 1046 1460 sit
1071 1397 1194 1461 ratione
1219 1397 1289 1471 sui,
1322 1405 1398 1463 tunc

337 1485 407 1549 enim
432 1485 588 1549 recitatur
612 1485 738 1549 etiamsi
763 1505 826 1549 non
857 1485 1040 1550 celebretur
1071 1485 1179 1549 Missa·
1197 1484 1235 1548 de
1259 1483 1400 1562 Octava,

335 1573 379 1635 sed
402 1572 441 1636 de
464 1570 561 1637 Festo
585 1580 786 1638 occurrente.
816 1572 893 1635 Vide
916 1594 1014 1659 supro
1032 1595 1061 1636 c.
1079 1573 1133 1648 99,
1151 1584 1179 1636 et
1195 1573 1331 1638 crolando
1358 1575 1398 1640 lli

334 1658 393 1724 loc.
416 1682 446 1725 o.
470 1660 505 1724 Il
527 1660 786 1726 accaronita.
810 1659 852 1725 11.
878 1660 912 1725 Si
936 1660 1067 1725 Festum
1092 1681 1164 1726 oum
1194 1660 1313 1726 Octava
1345 1662 1399 1729 ha·

331 1746 396 1812 beat
418 1747 644 1813 Praelationem
669 1750 844 1833 propriam,
867 1748 937 1812 haee
960 1748 1124 1813 recitanda
1149 1756 1199 1812 est
1222 1769 1281 1833 per
1299 1758 1400 1816 totam

331 1833 474 1901 Octavam
499 1837 532 1900 iu
558 1837 706 1901 omnibus
731 1836 834 1900 Missis
858 1837 1001 1900 vivorum
1026 1834 1108 1901 inlra
1144 1838 1289 1902 eamdem
1320 1840 1400 1904 cele·

329 1922 463 1999 iurandis
488 1924 516 1987 si
540 1926 670 2011 propria
694 1923 885 1989 Praelatione
902 1931 1043 1999 careant,
1061 1926 1206 2008 quamvis
1224 1924 1263 1991 de
1279 1924 1399 1991 Octava

328 2013 410 2076 nulla
434 2012 491 2076 liat
515 2014 790 2077 commemoratio.
816 2011 912 2076 llolr.
938 2012 983 2076 tit.
1009 2012 1049 2076 rt
1074 2035 1102 2076 c.
1130 2013 1148 2076 5
1173 2024 1201 2077 et
1224 2013 1255 2077 lo.
1274 2013 1307 2078 Si
1324 2034 1399 2079 vero

328 2099 430 2185 plures
454 2099 583 2165 Octavae
607 2102 702 2166 simul
728 2108 901 2165 occurrant
924 2098 1147 2165 Praelationent
1164 2103 1329 2185 propriam
1347 2102 1400 2167 ob·

328 2189 470 2265 [inertes
489 2196 565 2254 trine
589 2191 620 2252 in
645 2189 749 2253 Missis
776 2197 809 2253 ut
833 2208 941 2273 supra,
960 2198 1008 2252 est
1026 2187 1231 2253 anteferenda
1249 2188 1398 2254 Praelatio

328 2278 453 2362 propria
491 2276 530 2341 de
562 2275 681 2341 Octava
715 2277 852 2359 digniori
883 2276 973 2361 juxta
1005 2277 1153 2360 superius
1182 2276 1266 2341 dicta
1290 2298 1320 2341 n.
1347 2278 1399 2341 55.

328 2364 460 2453 Gopetus
485 2364 539 2429 lib.
565 2364 583 2427 5
608 2386 634 2428 c.
652 2365 693 2429 99
712 2386 740 2450 q.
761 2366 789 2427 5.
809 2362 922 2442 Quoad
940 2362 1164 2428 Praelationem
1181 2364 1400 2450 usurpandam

328 2455 353 2517 in
375 2453 524 2518 secunda
548 2453 645 2518 Missa
669 2453 878 2518 Conventuali
900 2453 971 2517 vide
996 2473 1023 2516 c.
1049 2453 1067 2516 8
1092 2473 1122 2517 n.
1148 2452 1178 2516 d.

385 2542 442 2606 56.
472 2540 507 2604 Si
531 2541 697 2606 Dominica
721 2540 772 2604 die
789 2539 872 2605 infra
889 2538 1041 2605 Octavam
1059 2539 1189 2604 Festum
1205 2539 1321 2625 duplex
1338 2561 1402 2607 non

328 2636 495 2704 occurrat,
519 2629 553 2694 fit
578 2629 617 2693 de
642 2649 678 2693 ea
702 2636 737 2694 ut
761 2630 794 2692 in
818 2629 976 2693 Psalterio
1002 2647 1073 2693 cum
1099 2629 1404 2694 commemoratione

328 2716 462 2792 Oetaeae,
482 2719 551 2782 sine
569 2714 737 2800 Suffragiis
762 2724 794 2781 et
817 2716 938 2801 absque
962 2716 1124 2781 Precibus.
1150 2716 1246 2782 liuor.
1272 2721 1316 2781 ot.
1334 2717 1400 2782 lo.

328 2805 391 2870 iet
419 2804 512 2870 Oelu
537 2805 633 2869 Missa
657 2825 732 2869 vero
758 2804 909 2869 dicuntur
945 2804 1015 2869 duas
1051 2812 1175 2869 tantum
1210 2803 1401 2882 Orationes,

328 2893 425 2977 prima
451 2891 492 2957 de
517 2892 694 2967 flaminica,
718 2892 859 2957 secunda
884 2892 923 2957 de
947 2891 1083 2967 Octava,
1107 2893 1169 2958 nisi
1192 2891 1337 2958 facienda
1360 2895 1402 2959 sit

328 2982 428 3068 aliqua
453 2983 721 3046 commemoratio
746 2980 786 3045 de
809 2980 905 3045 Festo
929 2981 1090 3066 simplici,
1123 2987 1177 3046 aut
1202 2981 1335 3046 dicenda
1361 2983 1403 3047 sit

328 3071 427 3156 aliqua
451 3067 593 3135 Collecta
618 3068 658 3134 ab
682 3067 851 3135 Ordinario
876 3068 951 3132 Loci
975 3076 1154 3153 praecepta3
1179 3077 1210 3134 et
1232 3068 1402 3135 adhibetur

328 3160 410 3223 color
433 3157 625 3222 conveniens
643 3155 782 3232 Octavae,
799 3163 1016 3243 praetcrquam
1034 3159 1065 3222 in
1084 3157 1267 3234 Dominicis,
1285 3156 1401 3242 quibus

328 3246 463 3311 tributus
488 3252 538 3310 est
561 3247 651 3312 color
675 3246 847 3311 violaceus.
871 3245 968 3310 Rccbr.
995 3245 1039 3310 tit.
1065 3246 1084 3312 9
1108 3268 1138 3311 c.
1165 3246 1205 3310 lO
1230 3257 1260 3311 et
1283 3246 1328 3310 til.
1359 3246 1399 3311 lO

329 3333 510 3399 anet
