3484 4875
732 472 825 519 CAPUT
841 474 862 519 t.
879 472 917 518 bb
933 473 1035 519 ctctts

466 669 532 734 De
553 668 679 735 ‚duno
699 670 955 741 lnwmlnri
976 688 1056 735 sou
1076 669 1299 735 bissextili

411 842 462 908 11.
489 844 599 910 Annus
622 846 717 912 habet
750 847 818 914 dies
841 849 905 914 565
930 856 962 913 et
993 847 1060 914 lere
1091 868 1147 913 sex
1175 847 1295 921 boras3
1330 855 1408 914 tanto

344 928 429 1016 enim
454 940 598 1017 tempore
620 933 676 999 Sol
700 935 872 1001 Zodiacum
896 938 1023 1002 lustrat.
1039 935 1214 1015 *Quoniam
1245 956 1322 1001 xero
1354 937 1409 1001 illa

344 1024 406 1116 sex‘
424 1017 511 1084 horre
528 1021 671 1104 quolibet
694 1023 903 1109 quadriennio
921 1026 1082 1108 integrum
1106 1024 1190 1088 diem
1208 1032 1410 1109 componunt,

345 1102 465 1170 idcirco
489 1116 623 1191 quartus
648 1111 782 1196 quisque
806 1131 908 1177 annus
932 1111 1154 1186 lutercalaris‚
1177 1111 1346 1177 bissextus
1369 1112 1410 1175 vel

344 1189 523 1259 bissextilis
546 1195 687 1273 dicitur,
718 1200 752 1264 in
779 1219 881 1285 eoque
904 1197 1034 1264 additur
1057 1199 1125 1264 dies
1148 1219 1212 1264 una
1235 1200 1343 1263 mensi
1364 1198 1413 1263 be·

343 1276 496 1347 bruerio:
528 1303 627 1368 quare
655 1284 849 1352 Februarius
880 1288 934 1372 qui
964 1284 1065 1351 ferme
1099 1307 1164 1351 non
1199 1295 1330 1352 constat
1360 1286 1414 1351 nisi

345 1365 458 1434 diebus
482 1370 536 1447 bb,
560 1372 593 1437 in
615 1372 776 1440 bissextili
799 1374 923 1439 obtinet
946 1373 1013 1439 dies
1037 1374 1090 1439 bb.
1109 1374 1172 1438 Sed
1190 1375 1266 1459 quia
1282 1375 1349 1439 itlae
1365 1393 1415 1439 sex

344 1452 433 1521 boras
456 1458 590 1545 integre
613 1481 677 1525 non
701 1470 790 1538 sunt,
816 1462 968 1528 deliciunt
991 1462 1076 1527 enim
1101 1463 1224 1527 minuta
1248 1462 1415 1535 undecim,

345 1560 383 1608 ac
406 1545 613 1614 nihilominus
637 1549 725 1614 horae
749 1550 812 1616 mae
829 1550 883 1615 diu
900 1570 958 1636 pro
983 1550 1117 1633 integris
1134 1557 1318 1635 supputatae
1336 1557 1417 1623 sunt,

344 1627 549 1710 factumest,
578 1645 613 1703 ut
636 1639 769 1714 minuta,
794 1659 865 1723 quae
889 1639 975 1704 ultra
999 1638 1142 1703 debitum
1166 1638 1259 1702 annis
1284 1637 1418 1721 singulis

344 1716 583 1800 tribuebantur,
608 1734 714 1792 tractu
742 1728 898 1813 temporis
930 1728 973 1791 ita
991 1727 1200 1799 excreverint,
1224 1734 1261 1789 ut
1284 1726 1420 1790 invicem

343 1805 454 1891 juncta
471 1813 696 1879 constituerint
720 1814 788 1880 dics
812 1815 934 1888 decem,
951 1816 1005 1900 qui
1029 1833 1143 1898 nempe
1161 1814 1228 1878 dies
1245 1815 1422 1878 extiterunt

345 1914 443 1969 causa
465 1918 523 1964 our
552 1900 791 1986 AEquinoctium
814 1921 971 1977 vernum,
995 1902 1081 1988 quod
1110 1901 1149 1966 ad
1174 1900 1232 1965 llll
1256 1900 1421 1966 Kalendas

343 1981 464 2068 Aprilis
486 2006 506 2049 a
530 1986 670 2053 Concilio
692 1988 821 2056 Nicaeno
845 1988 950 2065 iuerat
974 1991 1196 2063 constitutum,
1218 1987 1286 2072 jam
1303 2009 1322 2053 a
1340 1988 1422 2052 Gon·

345 2070 420 2135 cilio
441 2070 570 2138 Nicaeno
595 2075 705 2141 decem
729 2079 858 2144 circiter
874 2076 986 2142 diebus
1003 2098 1021 2143 a
1038 2097 1095 2142 sua
1113 2076 1188 2141 sede
1206 2076 1421 2160 praecedendo

343 2159 543 2225 recessisset.
561 2161 641 2228 Huic
664 2165 748 2229 malo
772 2184 946 2231 occurrens
963 2163 1136 2246 Gregorius
1154 2163 1225 2228 lllll
1242 2166 1369 2238 statuit,
1389 2172 1424 2228 ut

346 2244 445 2310 iidem
477 2247 588 2314 decem
620 2249 687 2317 dies
712 2252 884 2318 demenso
912 2251 1061 2317 Octobris
1089 2251 1163 2316 anni
1192 2250 1278 2315 mut
1306 2253 1426 2316 exime·

350 2340 474 2409 rentur,
498 2336 543 2401 ita
566 2345 602 2403 ut
617 2347 688 2424 post
707 2349 857 2425 quartam
880 2340 965 2405 diem
989 2339 1021 2404 S.
1039 2340 1073 2405 P.
1092 2338 1263 2405 branciscc
1282 2358 1425 2413 sacram,

347 2428 493 2507 sequens
508 2425 576 2492 dies
600 2448 663 2493 non
687 2436 772 2493 esset
788 2430 910 2516 quinta,
927 2427 984 2494 sed
1002 2428 1239 2513 decimaquinta
1256 2424 1423 2492 Octobris.

348 2507 504 2586 Quoniam
528 2535 602 2580 vero
627 2525 805 2583 memorata
830 2516 979 2582 undecim
1003 2517 1147 2590 minuta,
1179 2536 1251 2600 que
1284 2516 1425 2598 singulis

348 2600 440 2664 annis
464 2599 614 2668 deficiunt
645 2603 686 2669 ad
719 2606 989 2690 complementum
1022 2624 1078 2669 sex
1109 2603 1284 2677 horarum,
1316 2605 1427 2688 spatio

349 2705 507 2752 annorum
525 2690 584 2755 151
605 2689 725 2757 laniunt
749 2712 908 2758 summam
924 2693 1041 2776 integri
1058 2691 1119 2756 diei
1136 2699 1169 2756 ct
1186 2692 1279 2756 unius
1296 2693 1427 2765 minuti,

349 2780 382 2837 et
403 2780 509 2838 tractu
533 2795 690 2844 annorum
714 2780 779 2846 400
803 2779 972 2845 efformcnt
997 2791 1063 2845 tres
1087 2779 1164 2854 dies,
1190 2799 1285 2843 urnam
1309 2777 1428 2843 boram

350 2867 384 2924 et
406 2861 529 2928 minuta
552 2865 619 2942 20,
642 2878 813 2953 propterea
835 2877 871 2933 ut
895 2867 1048 2954 prelatus
1072 2887 1164 2932 error
1194 2867 1227 2931 in
1255 2873 1427 2950 posterum

351 2947 518 3026 vitaretur,
546 2972 584 3016 ac
612 2973 651 3018 ne
683 2956 803 3022 rediret
825 2975 984 3022 annorum
1016 2953 1181 3030 conlusio,
1210 2954 1306 3039 jussit
1338 2952 1428 3018 idem

351 3033 547 3120 Gregorius,
571 3041 751 3110 bissextum
775 3052 889 3130 quarto
904 3064 1040 3133 ‘quoque
1064 3063 1148 3108 anno
1171 3042 1236 3129 (uti
1261 3061 1329 3105 mos
1356 3042 1430 3127 est)

350 3125 530 3190 continuari
561 3138 778 3217 preterquam
807 3133 841 3196 in
869 3133 1052 3198 centesimis
1084 3132 1197 3205 annis,
1227 3130 1280 3214 qui
1311 3148 1428 3212 quam-

350 3211 398 3275 vis
421 3212 605 3282 bissextiles
629 3227 723 3285 antea
747 3239 875 3305 semper
897 3218 1037 3294 inerint,
1070 3219 1198 3303 qualem
1231 3218 1328 3282 etiam
1354 3237 1431 3282 esse

349 3300 452 3365 voluit
474 3321 593 3369 annum
619 3306 704 3372 tono
720 3328 804 3373 anno
822 3309 1032 3373 correctionis
1047 3307 1239 3392 proximum,
1261 3313 1335 3390 post
1351 3324 1430 3371 eum

352 3395 469 3465 tamen,
494 3393 547 3475 qui
571 3392 722 3481 deinceps
745 3404 992 3481 consequentur,
1016 3395 1128 3461 statuit
1145 3395 1336 3460 centesimos
1361 3413 1429 3458 non

352 3493 463 3576 omnes
485 3479 678 3548 bissextiles
708 3503 801 3558 esse,
831 3484 888 3548 sed
918 3484 950 3548 in
975 3482 1217 3568 quadringentis
1245 3481 1430 3565 quibusque

354 3580 446 3628 annus
470 3567 595 3651 priores
619 3578 685 3635 tres
710 3571 903 3636 centesimos
920 3573 987 3637 sine
1003 3572 1147 3635 bissexto
1171 3569 1317 3652 transigi,
1334 3587 1432 3652 quar-

353 3654 423 3714 tum
450 3670 526 3718 vero
562 3674 720 3742 quemque
755 3660 965 3724 centesimum
1001 3679 1071 3724 esse
1102 3656 1325 3731 bissextilem,
1364 3655 1429 3721 boc

352 3737 465 3803 ordine
489 3742 733 3821 intermittendi,
760 3746 1037 3831 intercalandique
1065 3744 1245 3810 bissextum
1277 3743 1362 3808 diem
1393 3745 1429 3809 in

353 3825 597 3912 quadringentis
633 3834 811 3919 quibusque
845 3835 937 3899 annis
970 3837 1001 3898 in
1035 3842 1225 3919 perpetuum
1257 3831 1429 3897 servando.

355 3913 459 3978 Conni.
485 3929 525 3983 to.
552 3919 567 3984 l
595 3923 689 3986 cz'lb
714 3922 744 3986 d.
770 3923 786 3987 l
812 3945 842 3985 o.
870 3923 886 3985 l
914 3931 943 3986 et
965 3921 996 3986 b.

420 4006 472 4075 15.
496 4006 608 4075 Modus
631 4029 728 4096 porro
757 4007 972 4094 cognoscendi
995 4009 1122 4075 Annum
1145 4007 1346 4074 bissextilem
1374 4006 1440 4072 hic'
