3484 4875
364 470 433 538 bil
637 485 814 537 turoneum
829 484 860 536 m
874 479 1128 544 celemensium

342 595 381 661 ale
405 594 455 660 die
479 592 620 671 Octava,
645 595 678 659 io
701 594 853 660 Ecclesiis
878 594 1149 671 Cathedralibus‚
1180 581 1327 678 collegiatis

341 684 549 768 Regularium
584 682 667 747 binae
702 684 907 750 celebrantur
941 684 1046 749 Missae
1070 683 1295 748 Conventuales.
1315 680 1336 743 ll

341 793 439 875 sopra
463 793 489 837 c.
507 773 526 837 8
544 772 612 835 aab
636 781 665 835 et
687 792 769 857 seqq.
793 774 943 838 Attamen
968 774 996 838 si
1019 774 1052 837 in
1076 772 1247 837 Dominicis
1267 768 1336 849 Quat

342 879 472 945 gesamae
496 859 646 925 secundae
669 860 783 926 classis
806 862 857 944 agi
882 862 1048 945 contingat
1063 860 1195 925 Festum
1216 859 1336 944 dupleip

342 969 404 1013 mee
427 949 563 1023 classis,
599 967 662 1013 una
698 948 864 1013 dumtaxat
893 949 932 1014 de
956 941 1051 1014 Fest‘e
1084 948 1290 1013 celebrabitur
1308 945 1334 1009 lli

343 1037 580 1110 Comentunbu
605 1056 677 1100 cum
701 1039 1006 1102 commemoratione
1028 1036 1204 1101 Dominicae
1226 1036 1331 1121 ejusque

343 1125 490 1207 vangelio
521 1126 551 1189 in
576 1124 647 1189 line.
681 1124 712 1189 S.
738 1124 774 1189 ll.
802 1125 833 1189 C.
860 1126 879 1189 5
903 1125 967 1189 Joa
994 1126 1081 1191 6666
1106 1124 1271 1189 ie'Colloo.
1292 1122 1323 1185 oti

343 1212 379 1277 ln
404 1212 656 1296 Qaaadragesima
680 1233 743 1277 non
768 1212 886 1278 dicitur
908 1214 1004 1278 llissa
1029 1212 1254 1278 conventualis
1275 1210 1320 1296 (de

345 1300 446 1386 quie)
471 1321 529 1385 pro
554 1298 740 1377 DefunctiS,
776 1321 879 1386 neque
910 1322 974 1386 pro
1010 1303 1055 1366 eis
1086 1301 1122 1365 fia
1146 1316 1336 1365 commemora

344 1390 441 1453 Rubr.
460 1390 505 1452 tit.
525 1389 544 1452 5
561 1412 590 1453 o.
610 1389 625 1452 l
646 1398 675 1452 et
690 1389 721 1453 b.
745 1388 787 1451 At
810 1388 879 1453 baec
903 1388 1051 1469 llaahricae
1075 1388 1248 1474 probibitio
1271 1386 1303 1450 de
1322 1406 1336 1449 c

345 1477 579 1541 memoratione
603 1496 662 1560 pro
678 1477 756 1541 solis
772 1476 938 1541 Deiunctis
961 1477 1173 1560 intelligenda
1197 1484 1261 1540 est:
1283 1493 1336 1538 con

346 1565 484 1630 morolio
508 1565 592 1629 enim
618 1584 677 1649 pro
700 1563 777 1628 vivis
802 1566 899 1630 simul
923 1574 955 1630 ct
978 1564 1138 1630 defunctis
1157 1563 1294 1649 quotidie
1308 1580 1336 1644 ag

346 1673 449 1737 usque
473 1652 513 1717 ad
529 1652 729 1722 Dominicam
751 1652 913 1718 Passionis
938 1652 1200 1739 perorationem
1229 1653 1336 1736 Oaaaaipa

346 1749 424 1812 ete.;
449 1760 548 1825 quare
571 1760 703 1806 necesse
733 1761 796 1805 uon
820 1739 881 1806 tuta
906 1742 1001 1807 aliam
1025 1742 1256 1827 particularem
1280 1758 1326 1823 pro

347 1826 466 1892 iunctis
496 1829 717 1914 prescribere.
757 1828 861 1894 Coool.
888 1840 927 1894 te.
954 1830 973 1893 5
998 1852 1023 1895 r.
1049 1830 1068 1894 6
1093 1829 1124 1894 el.
1150 1829 1176 1893 l
1195 1850 1225 1892 aa.
1251 1828 1298 1892 to.
1324 1824 1336 1888 S

348 1915 441 1979 Feria
465 1918 605 1982 sectanda
623 1916 895 2001 Quadragesime
919 1917 1046 2003 quando
1070 1918 1272 2003 persolutum
1294 1921 1333 1978 est

349 2011 500 2068 eturnum
518 2004 759 2079 Defunctorum,
777 2005 908 2091 adiungi
925 2013 1073 2090 oporteat
1095 2005 1129 2069 in
1152 2005 1249 2068 blissa
1265 2002 1336 2066 dicia

348 2094 614 2158 memorationem
632 2093 717 2157 Festi
741 2094 908 2178 simplicis,
932 2092 1048 2158 suffieit
1071 2093 1166 2157 tertia
1185 2090 1329 2156 OratioA

350 2180 424 2253 ctis;
448 2181 533 2266 quoal
564 2183 590 2246 si
622 2180 748 2246 dicatur
772 2190 888 2265 quarta
915 2182 1134 2269 (ionopoleos,
1166 2181 1278 2265 quinta
1300 2177 1336 2243 cri

349 2268 486 2334 libitum.
510 2269 542 2334 S.
568 2270 603 2353 ll.
632 2268 663 2333 0.
688 2270 710 2333 4
732 2269 810 2354 Moj.
837 2269 922 2335 l709
946 2270 978 2333 a'o
1002 2269 1166 2333 Pistoclero.
1192 2268 1235 2331 od
1260 2268 1287 2331 l.

418 2356 470 2421 ll.
487 2356 580 2422 Feria
598 2357 691 2421 tertia
709 2365 781 2444 post
798 2357 995 2441 Dominicam
1013 2357 1151 2444 primam
1168 2354 1336 2436 Quadragea

349 2445 448 2510 habet
471 2445 656 2512 Orationem
680 2445 845 2511 Secretam
881 2455 916 2512 ut
951 2447 983 2511 in
1019 2446 1114 2510 llissa
1138 2445 1232 2509 Solus
1255 2454 1336 2507 ocrea

352 2533 520 2600 Communi
543 2535 757 2620 plurimorum
782 2534 969 2621 Martyrum.
1001 2532 1220 2612 Quamobrem
1243 2532 1271 2596 si
1293 2531 1336 2594 hat

350 2618 410 2706 pro
435 2623 586 2708 quopiam
609 2621 704 2687 Festo
729 2621 823 2687 Missa
848 2624 904 2689 illa
937 2621 1142 2696 celebretur,
1173 2620 1306 2686 Secreta
1326 2616 1336 2681 l

355 2718 502 2775 sumetur
533 2731 571 2774 ex
593 2712 740 2795 sequenti
763 2709 856 2776 Feria
887 2719 1011 2794 quarta.
1037 2709 1155 2775 Contra
1179 2709 1208 2772 si
1239 2724 1336 2771 conara

354 2798 439 2863 ratio
462 2797 609 2862 iacienda
633 2799 676 2862 sit
699 2798 785 2863 Festi
809 2799 965 2883 simplicis
989 2816 1059 2862 eam
1084 2796 1251 2861 Secretam
1276 2793 1336 2858 hab

354 2904 414 2970 pro
438 2885 532 2949 istius
563 2888 868 2952 commemoratione
895 2893 1023 2972 petetur
1054 2885 1156 2950 altera
1188 2904 1228 2948 ex
1258 2883 1336 2947 blissa

351 2973 505 3059 pientiam
541 2971 579 3037 ele
620 2975 732 3039 eodem
767 2974 945 3040 Communi.
981 2973 1062 3038 Item
1097 2973 1129 3036 in
1166 2971 1260 3036 Faria
1294 2989 1336 3034 ser

355 3069 429 3145 post
452 3060 651 3127 Dominicam
674 3061 1145 3146 secundamQuadragesimae,
1172 3060 1336 3125 Postrema

356 3156 405 3214 est
443 3149 556 3215 eadem
592 3171 629 3216 ac
667 3152 700 3216 in
734 3151 841 3217 Missis
881 3150 1062 3216 Sacerdotes
1096 3148 1157 3214 Dei
1195 3147 1236 3212 de
1268 3147 1336 3212 Com

357 3237 451 3303 unius
484 3237 634 3326 Martyris
668 3239 833 3305 Pontificis
867 3246 900 3303 et
930 3239 1022 3303 Solus
1056 3246 1162 3302 atatem
1197 3235 1238 3300 de
1268 3237 1336 3300 Com

356 3325 571 3410 plurimorum
607 3327 793 3414 Martyrum.
830 3325 1034 3412 Quapropter
1069 3325 1096 3390 si
1132 3324 1183 3389 elie
1219 3325 1276 3389 illa
1314 3323 1336 3386 ir

356 3413 489 3480 Festum
520 3435 591 3480 eam
622 3416 958 3482 Postcommunionem
990 3413 1135 3489 habene,
1168 3431 1229 3497 pro
1260 3411 1336 3476 Feri:

358 3511 465 3568 metur
489 3504 591 3569 altera
614 3522 653 3568 ex
677 3505 824 3588 sequenti
847 3502 940 3568 Feria
964 3503 1071 3566 tertia.
1095 3500 1215 3564 Contra
1249 3501 1276 3565 si
1302 3518 1336 3564 eo

358 3592 496 3655 moratio
527 3599 642 3676 agatur
674 3590 760 3657 Festi
789 3591 945 3676 simplicis
976 3591 1067 3654 iliam
1097 3587 1336 3653 Postcommuni

359 3673 519 3753 habentis,
543 3699 602 3764 pro
626 3680 687 3744 hoc
711 3681 813 3744 altera
837 3677 972 3761 legenda
997 3677 1058 3742 erit
1081 3696 1119 3741 ex
1136 3675 1234 3740 blissa
1250 3677 1336 3741 Statu

359 3764 555 3851 Sapientiam
587 3766 626 3832 ue
657 3767 824 3833 Communi
859 3764 943 3851 qarod
980 3771 1147 3850 congruat.
1173 3763 1336 3828 Postcomr

360 3849 462 3916 Feriae
486 3852 505 3917 6
531 3862 604 3939 post
627 3853 779 3931 Cineres,
814 3861 910 3939 atque
934 3850 1044 3920 Oratio
1079 3871 1177 3937 super
1199 3853 1336 3937 populus

360 3959 424 4004 non
449 3939 663 4025 vesperarum
686 3941 786 4008 Ferias
821 3941 843 4006 4
877 3949 950 4028 post
986 3940 1184 4006 Dominicam
1208 3939 1230 4004 2
1255 3937 1336 4017 Qual

362 4028 453 4101 sime
477 4029 608 4094 minime
638 4029 868 4098 concludenelae
892 4035 967 4096 sunt
989 4027 1026 4093 lo
1048 4028 1168 4094 coitate
1191 4027 1331 4114 ejusdem
