3484 4875
567 496 789 543 tuuotnttou'ss
805 497 835 542 IN
852 497 942 542 susan
959 495 1122 543 coenaturus
1293 475 1355 543 441

346 620 410 686 que
434 600 468 665 in
492 600 576 667 hanc
599 600 769 667 transferri
792 602 950 685 contingit
972 601 1101 667 Nestum
1127 599 1245 686 duplex
1269 602 1381 685 primm

345 696 405 753 aut
427 689 579 754 secunda
614 692 749 766 classis,
774 709 811 754 eo
836 690 922 774 quod
957 690 1045 754 nulla
1069 689 1154 753 adsit
1189 688 1256 752 dies
1280 707 1381 755 vacua

346 796 455 860 usque
479 776 520 841 ad
543 778 617 843 anni
642 778 748 853 tinem,
774 786 870 863 prout
895 778 1151 842 animadversum
1176 785 1226 841 ost
1250 797 1276 840 c.
1302 775 1322 839 d
1348 796 1378 841 n.

347 865 368 927 5
394 864 464 937 III⁰;
491 873 565 929 tuuc
594 867 856 931 commemoratio
882 865 914 929 S.
939 865 1069 934 thoma
1092 866 1196 928 instar
1225 864 1381 948 simplicis

344 950 499 1016 habenda
527 962 577 1017 est
601 954 632 1017 in
658 953 717 1017 bac
742 953 833 1018 Neria
868 953 1007 1021 secunda
1033 954 1064 1016 in
1089 950 1199 1016 Officio
1224 950 1381 1036 ejusmodi

346 1038 439 1103 Festi
464 1039 600 1123 duplicis
623 1043 736 1126 primae
770 1050 825 1105 aut
849 1040 998 1105 secundm
1023 1040 1157 1115 classis,
1183 1060 1245 1103 non
1275 1046 1382 1102 autom

347 1126 402 1189 die
426 1128 629 1192 antecedenti
653 1129 684 1192 in
709 1127 818 1193 Officio
855 1128 1049 1200 dominicam
1075 1128 1148 1211 quia
1184 1146 1221 1190 eo
1247 1146 1322 1191 casu
1348 1125 1380 1189 S.

347 1213 494 1278 Thomas
518 1216 549 1279 in
574 1216 665 1280 Feria
689 1217 744 1281 IIIa
762 1215 902 1281 secunda
919 1223 1069 1280 censetur
1085 1223 1247 1299 tamquam
1271 1232 1382 1278 occur·

347 1320 437 1366 rens.
464 1302 540 1387 Ejus
565 1324 662 1389 porro
693 1305 956 1369 commemoratio
993 1304 1157 1389 peragitur
1181 1304 1213 1366 in
1238 1302 1384 1385 utrisque

348 1388 518 1473 vesperis,
542 1391 704 1457 Laudibus
729 1399 760 1455 et
784 1391 881 1455 Missa
905 1392 1001 1455 etIam
1027 1390 1177 1464 solemni,
1203 1408 1276 1453 curn
1300 1407 1385 1454 nona

347 1476 455 1560 ipsius
479 1477 629 1544 Lectione
651 1499 690 1543 ex
715 1479 817 1543 tribus
840 1478 973 1543 secundi
996 1478 1149 1543 Nocturni
1175 1476 1322 1542 conssata.

396 1564 450 1629 VI.
477 1564 608 1643 Quoties
633 1565 692 1631 Irae
718 1567 769 1631 die
793 1566 959 1650 trigesima
976 1565 1173 1639 Decembris,
1189 1566 1229 1629 ob
1253 1564 1385 1629 Festum

348 1671 552 1729 occurrens,
575 1655 712 1719 habetur
735 1654 838 1721 instar
861 1655 1017 1739 simplicis
1042 1654 1208 1718 [dominica
1239 1650 1323 1716 inira
1347 1649 1386 1715 0-

350 1748 480 1805 ctavom
505 1742 697 1817 Natiuitatis,
722 1743 748 1806 si
773 1742 903 1808 Initium
927 1743 1079 1828 Epistulae
1103 1742 1144 1806 ad
1168 1742 1328 1806 Romanos
1353 1739 1385 1804 in

348 1827 450 1892 Festo
475 1829 530 1894 iiio
548 1831 677 1894 recitari
701 1839 848 1914 nequeat,
865 1851 902 1895 eo
920 1830 1005 1916 quod
1029 1830 1196 1894 Lectiones
1214 1830 1309 1915 primi
1326 1828 1386 1892 No·

350 1916 462 1980 cturni
488 1920 637 2002 proprias
672 1918 815 1983 obtineat
838 1920 887 1983 rcI
913 1918 951 1983 de
980 1917 1147 1983 Communi
1178 1917 1386 2000 adsignatas,

350 2004 497 2087 itemque
532 2004 583 2069 die
606 2008 752 2089 sequenti
787 2014 926 2090 nequeat
950 2006 989 2071 oh
1014 2005 1159 2070 eamdem
1184 2022 1387 2070 carmani-re·

353 2091 454 2175 poni,
491 2089 632 2177 Guyetus
656 2092 734 2178 (tit.
758 2093 781 2158 4
804 2114 829 2157 c.
856 2095 897 2158 tu
922 2114 950 2178 q.
976 2092 1023 2178 9)
1060 2100 1206 2156 autumat
1234 2091 1387 2164 Initium,

354 2178 397 2241 de
422 2198 487 2261 quo
513 2178 686 2262 loquimur,
711 2181 952 2265 anticipandum
976 2199 1047 2245 esse
1071 2180 1103 2241 in
1127 2177 1222 2241 Nesto
1247 2177 1279 2241 S.
1304 2176 1387 2240 Tho·

352 2284 417 2331 mae
443 2265 493 2330 die
515 2266 570 2340 ab
602 2268 676 2352 quia
709 2269 791 2333 alius
815 2269 895 2333 ittod
928 2265 1065 2352 ponendi
1098 2265 1212 2330 modus
1244 2284 1308 2328 non
1333 2284 1387 2327 su·

355 2360 481 2437 perest.
517 2353 782 2440 Quandoquidem
818 2356 985 2421 Lectiones
1017 2354 1113 2442 primi
1147 2352 1303 2417 Nocturni
1338 2349 1389 2415 die

356 2440 621 2508 circumcisionis
652 2453 728 2508 sunt
751 2445 790 2509 de
814 2445 925 2509 eadem
958 2444 1100 2530 Epistola
1133 2440 1173 2505 ad
1204 2441 1388 2514 Romanos,

355 2527 406 2594 sic
440 2536 546 2595 tamen
572 2539 607 2596 ut
629 2533 812 2617 pertineant
834 2532 875 2597 ad
899 2533 1003 2617 ipsum
1032 2529 1291 2597 circumcisionis
1323 2526 1388 2612 My·

354 2617 504 2692 sterium,
528 2626 560 2683 et
583 2621 734 2704 quoniam
757 2621 830 2686 iIIas
853 2640 957 2704 neque
981 2620 1073 2684 dedet
1096 2618 1199 2681 omitti
1224 2624 1259 2680 ut
1282 2617 1390 2698 legan-

355 2712 414 2771 tur
439 2712 506 2771 tres
531 2707 569 2772 dc
594 2707 698 2783 Initio,
723 2728 826 2794 noque
849 2709 927 2773 item
947 2708 1037 2793 jungi
1064 2725 1137 2770 cum
1161 2705 1231 2770 istis
1260 2723 1318 2788 par
1342 2710 1391 2766 est

353 2792 397 2857 ob
424 2792 487 2858 diei
509 2797 769 2870 solemnitatcm;
794 2804 965 2883 propterea
989 2796 1022 2861 id
1045 2814 1144 2859 unum
1176 2799 1278 2858 restat
1302 2798 1338 2855 ut
1360 2789 1388 2852 I·

353 2881 474 2946 nitium
506 2884 699 2969 anticipetur
731 2884 782 2949 die
805 2885 838 2949 S.
863 2884 1016 2958 Thema,
1048 2885 1119 2948 Ioco
1153 2881 1340 2947 Lectionum
1363 2877 1392 2942 Α

352 2968 473 3035 Mileto.
497 2969 545 3036 Ita
568 2973 632 3035 iIIe.
657 2970 774 3036 Contra
797 2973 945 3037 Pittouus
970 2971 986 3057 (
995 2973 1026 3036 in
1053 2972 1167 3036 Octauo
1189 2965 1408 3050 Nubebant)-

355 3057 525 3122 conteudit
540 3057 710 3144 praefatum
726 3060 856 3125 Initium
871 3059 1092 3145 reponendum
1116 3077 1187 3124 esse
1204 3057 1255 3122 die
1271 3055 1391 3121 Octava

355 3143 410 3210 SS.
436 3145 683 3220 Innocentium3
709 3149 784 3231 quIa
806 3149 957 3213 nimIrum
983 3147 1170 3219 arbitratur,
1189 3146 1256 3209 sine
1281 3161 1391 3208 neces·

356 3233 455 3298 sitate
478 3233 692 3299 detrahendas
708 3254 773 3300 non
790 3255 861 3300 esse
885 3256 923 3300 ex
946 3234 1056 3301 Officio
1074 3234 1106 3299 S.
1124 3232 1254 3297 'Ibomae
1271 3230 1392 3295 LectIo-

357 3340 418 3385 nes
443 3322 538 3404 primi
562 3322 716 3387 Nocturni
741 3343 757 3388 a
782 3322 924 3388 Robrica
948 3323 1147 3405 adsignatas:
1166 3339 1203 3383 ac
1227 3316 1392 3402 subjungit

356 3408 441 3473 nihii
465 3408 605 3483 obstare,
622 3412 793 3494 quominus
817 3418 955 3496 ponatur
979 3410 1107 3474 Initium
1131 3414 1203 3491 post
1227 3405 1294 3489 ejus
1319 3403 1392 3488 Epi-

358 3497 454 3560 stolae
478 3505 604 3582 partem
632 3518 703 3582 quae
736 3499 942 3564 continuatur
966 3496 1017 3561 dic
1041 3493 1322 3565 Circumcisionis,
1354 3509 1392 3554 co

358 3583 447 3669 quod
480 3585 592 3668 primae
617 3585 783 3650 Lectiones
808 3587 858 3650 dIe
884 3585 943 3651 bac
975 3605 1038 3649 uon
1063 3584 1127 3647 siut
1151 3577 1392 3644 considerandae

357 3672 460 3736 veluti
484 3671 524 3736 de
548 3672 715 3758 Scriptura
739 3681 940 3748 occurrente,
965 3673 1021 3737 sed
1045 3669 1257 3755 obpropria,
1283 3672 1393 3751 utpote

359 3761 539 3844 expressim
565 3759 823 3826 Circumcisiouis
846 3761 1032 3848 Mysteriuur
1057 3763 1309 3844 pertractantem
1331 3773 1393 3839 quo

359 3849 462 3924 litut
484 3848 610 3912 etiamsi
635 3848 694 3913 hoc
720 3856 864 3934 tempore
888 3849 950 3914 alia
974 3849 1136 3930 legeretur
1159 3843 1313 3929 Epistola,
1338 3840 1393 3906 ad-

359 3938 425 4005 buc
450 3944 556 4001 tamen
581 3956 617 4000 ea
643 3936 693 4000 die
718 3938 830 4021 posita}
853 3935 999 4008 tuissent,
1017 3934 1091 4018 quia
1114 3933 1259 4018 apprime
1283 3947 1394 3994 conve·

359 4027 456 4092 uiuut
486 4045 559 4090 cum
588 4022 693 4090 Nesto.
718 4023 767 4090 Ita
797 4024 955 4090 Pittonus.
979 4021 1195 4088 Veruntamen
1227 4037 1326 4103 quum
1356 4036 1393 4082 ex
