3484 4875
365 457 430 524 544
559 473 734 521 muoruunu
749 474 769 520 a
785 473 972 521 uuurucosm
986 474 1027 521 uo
1043 474 1201 523 unumuu

411 583 463 649 11.
487 582 547 651 Ubi
570 581 702 648 Festum
724 582 854 667 aliquod
876 581 999 649 habeus
1022 582 1230 668 Evangelium
1253 581 1283 649 de
1300 582 1354 651 Gon·

342 672 431 738 muni
454 671 629 759 Martyrum
655 680 798 758 tompore
819 671 968 737 Paschali
984 669 1115 759 (utpote
1138 692 1175 737 eo
1199 681 1315 760 temporo
1329 693 1355 739 oo

343 760 488 847 currens)
505 758 718 825 transferatur
733 757 816 825 intra
833 780 963 842 annum,
980 778 1061 847 opus
1086 767 1136 826 est
1152 768 1189 827 ut
1205 761 1353 846 Euangeliou

342 848 422 915 illud
446 868 519 915 cum
542 849 643 914 altero
668 858 903 924 commutetur,
927 850 1023 914 sicuti
1052 870 1084 915 n.
1110 849 1130 914 9
1154 849 1354 915 animadverso

343 945 402 1002 est.
426 936 566 1004 Rursum
597 937 624 1001 si
646 936 777 1003 Festum
807 937 840 1003 S.
864 937 1014 1026 Martyris
1044 936 1191 1003 incidens
1220 940 1251 1004 iu
1276 946 1354 1022 tenpus

341 1025 496 1092 Paschale
520 1026 689 1111 praeditum
712 1025 754 1091 sit
777 1025 913 1092 introitu
936 1026 1079 1113 proprio,
1097 1033 1205 1092 cetera
1227 1024 1353 1092 autentu
1379 1061 1394 1104 κ,

342 1112 418 1179 beat
441 1115 479 1180 de
502 1114 678 1187 Communi,
695 1113 732 1178 a'c
755 1112 1014 1180 transferendum
1037 1115 1080 1180 sit
1103 1114 1188 1180 inira
1211 1111 1353 1191 annumd
1378 1116 1394 1183 Α·

342 1202 459 1267 troitus
482 1222 607 1287 qunque
632 1202 770 1268 sumitur
793 1202 831 1268 de
854 1203 1042 1278 Commuui;
1066 1222 1162 1269 secus
1186 1224 1257 1270 vero
1277 1197 1350 1276 arud.
1377 1196 1394 1244 '²

342 1291 466 1374 quoties
489 1290 665 1377 Epistulam
688 1311 814 1377 quoque
836 1293 886 1357 vel
910 1292 1119 1376 Evangelium
1142 1293 1175 1357 in
1199 1287 1350 1380 propriod
1377 1289 1380 1350 ζ

341 1379 451 1444 tinent.
474 1379 604 1445 Attende
626 1379 708 1444 dicto
731 1382 763 1444 iu
790 1380 922 1468 Tempus
944 1379 1096 1445 Poschcle
1118 1403 1149 1447 c.
1176 1381 1227 1446 15.

409 1467 460 1532 tu.
485 1468 532 1532 Ab
557 1466 674 1533 Octava
697 1469 903 1535 pentocostes
935 1488 1036 1554 usquc
1067 1468 1110 1534 ad
1141 1465 1353 1543 Adventumi

342 1553 452 1621 Officio
476 1575 512 1621 ac
535 1556 630 1622 Missa
662 1556 700 1622 de
724 1557 881 1643 Tempore
914 1557 1083 1623 adhibetur
1108 1557 1198 1623 color
1219 1551 1356 1630 viridiori

342 1643 438 1709 modo
461 1644 599 1729 excipias
623 1644 804 1710 Dominicas
827 1645 910 1711 infra
927 1645 1079 1712 Octavam
1103 1654 1305 1719 occurrentes,
1321 1639 1350 1727 q‘

341 1730 402 1796 bus
426 1734 572 1816 congruit
599 1734 688 1800 color
710 1735 839 1801 Octavae
862 1735 1080 1818 conueniens,¹
1108 1754 1169 1800 nee
1192 1755 1252 1800 non
1272 1730 1336 1815 vtp‘t
1385 1779 1386 1784 η

343 1839 415 1884 cum
436 1820 555 1905 Jejunio
578 1820 744 1909 (quamvis
767 1822 853 1889 istud
877 1824 1001 1889 ratione
1025 1822 1268 1909 dispensationis
1287 1818 1341 1885 vell
1385 1857 1386 1876 1

342 1908 461 1991 guina
492 1911 729 1977 consuetudinis
760 1912 899 1997 amplius
931 1932 994 1977 non
1017 1919 1132 1997 agatur
1149 1910 1182 1998 ),
1214 1931 1249 1976 ao
1276 1908 1338 1975 deno

343 1994 453 2062 Furius
477 1996 619 2076 Quatuor
642 1999 857 2086 Tempnrnm,
880 2000 913 2065 iu
937 2000 1052 2086 quibus
1075 2019 1191 2085 nempe
1215 2000 1307 2065 colore
1321 1995 1353 2059 r'c
1386 2017 1390 2034 2

343 2083 433 2150 lacco
464 2086 617 2152 utendum
647 2097 705 2154 est.
737 2088 833 2154 uuor.
865 2088 909 2155 tit.
936 2088 977 2155 id
1006 2111 1036 2153 n.
1067 2088 1090 2153 4
1120 2098 1150 2154 et
1179 2088 1211 2154 S.
1240 2077 1352 2162 111111,

342 2173 420 2261 Apr.
447 2174 530 2241 utut
554 2177 587 2239 io
610 2175 833 2243 Panormitano
857 2177 900 2242 ud
923 2178 976 2244 15.
998 2176 1148 2243 Videatur
1170 2179 1288 2266 iusuper
1303 2187 1355 2238 utut

345 2263 420 2329 totio
443 2265 498 2329 surb
517 2286 592 2353 pop.
619 2265 692 2331 181.
