3484 4875
555 495 731 544 susoruunu
748 499 779 544 ru
796 498 911 544 rnurus
928 497 1080 544 rrscnrnn
1270 475 1335 542 275

274 597 392 687 runt);
417 597 480 666 duo
503 608 611 667 autem
634 603 771 689 Aiieiojo
795 603 910 691 aduini.
935 603 1043 669 brevia
1068 600 1289 689 adiunguntur
1310 600 1359 689 (Ἴ.

274 688 402 753 Psalmi
427 687 657 776 cujuscumque
673 691 828 758 Nocturni
845 692 997 758 dicuutur
1020 691 1080 757 sub
1106 691 1209 777 prima
1234 696 1360 757 tantum

275 775 370 841 iliius
395 776 599 862 Antiphona,
633 787 760 845 servato
798 788 903 845 tamen
928 777 1029 845 Oiiicii
1064 779 1130 844 ritu
1153 778 1275 862 duplici
1308 779 1359 843 vei

279 864 498 949 semiduplici.
516 864 612 931 iiobr.
637 867 683 931 tii.
699 868 739 932 ri
766 890 796 930 n.
821 867 852 943 ii,
870 866 916 932 tit.
933 866 978 931 ni
1001 867 1070 931 mi
1094 876 1123 931 et
1147 866 1177 929 iu
1196 866 1363 930 Communi

277 950 473 1039 Martyrum.
499 952 566 1017 iioc
588 954 694 1038 ipsum
718 954 937 1039 praestandum
972 955 1034 1019 erit
1062 954 1093 1018 in
1118 950 1229 1019 Officio
1253 951 1359 1037 eujus·

277 1040 369 1123 piam
404 1038 515 1105 Sancti
538 1040 656 1106 alicubi
690 1040 830 1108 fortasse
864 1063 904 1109 ex
938 1041 1160 1107 Fundatorum
1195 1041 1361 1105 voluntate

279 1127 377 1194 nitra.
400 1124 548 1193 Officium
579 1128 641 1193 diei
665 1130 888 1215 persolvendo.
912 1130 944 1195 S.
969 1130 1006 1194 R.
1033 1129 1065 1194 C.
1090 1129 1132 1194 no
1165 1127 1358 1212 Arupium

279 1214 313 1278 in
340 1213 485 1281 Codices.
509 1216 552 1280 od
573 1215 604 1280 ἲ.
630 1214 776 1283 Officium
801 1226 909 1283 tamen
933 1236 1067 1303 parvum
1096 1217 1130 1281 B.
1156 1216 1195 1280 iii.
1220 1216 1256 1279 V.
1281 1236 1360 1301 quo·

279 1302 329 1368 ris
353 1310 500 1388 tempore
522 1304 679 1370 recitatur
702 1307 831 1371 omnino
856 1305 1030 1391 objacet,
1054 1305 1093 1369 iis
1118 1304 1284 1369 dumtaxat
1307 1322 1360 1369 cx·

280 1390 398 1476 ceptis,
415 1411 552 1476 quorum
576 1392 758 1458 immutatio
783 1394 826 1458 ibi
849 1413 908 1479 per
923 1391 1082 1458 Rubricas
1106 1411 1257 1477 expresse
1280 1410 1361 1476 prm·

281 1478 446 1544 scribitur.
486 1477 703 1557 Quamobrem
740 1482 871 1547 minime
907 1480 1036 1546 additur
1074 1479 1222 1544 Paschaii
1262 1479 1360 1545 etiam

280 1574 429 1651 tempure
452 1566 590 1654 Aliciojo
614 1568 654 1633 ad
678 1568 912 1644 invitatorium,
935 1568 1146 1654 Antiphonem,
1169 1567 1216 1650 ii.
1241 1574 1274 1631 et
1297 1565 1360 1653 riui„

281 1661 381 1739 atque
404 1656 436 1719 in
453 1654 617 1721 Nocturno
637 1664 701 1721 tres
718 1657 868 1722 dicuntur
885 1656 1076 1742 Antiphonae
1101 1665 1135 1721 ut
1152 1656 1243 1720 aiias.
1261 1654 1358 1720 Rubr.

279 1763 349 1825 peu.
377 1744 422 1807 tir.
448 1742 488 1820 57
512 1766 542 1807 u.
567 1744 588 1808 ἓ
611 1755 641 1810 et
670 1746 774 1832 poeni.
798 1769 828 1810 n.
852 1745 917 1810 259
951 1766 988 1810 oo
1011 1745 1042 1810 S.
1068 1744 1103 1809 ii.
1132 1743 1163 1809 C.
1188 1742 1230 1808 28
1263 1742 1358 1808 Mori.

281 1829 369 1895 tono
393 1832 425 1894 io
452 1829 620 1897 Toruocer.
645 1831 687 1896 od
709 1833 741 1897 i.
765 1831 843 1911 Quae
875 1833 987 1917 regula
1020 1832 1200 1897 communis
1233 1850 1359 1916 quoque

281 1927 332 1982 est
354 1916 500 2005 Hymnis
524 1918 587 2005 rid..
604 1920 807 2005 Antiphonis,
830 1921 967 2006 aliisque
991 1920 1244 2003 precibusque
1268 1926 1362 1983 extra

280 2003 431 2073 iiivinum
456 2004 601 2073 Officium
622 2010 812 2074 recitantur.
834 2008 910 2074 iiarc
933 2008 1017 2073 eninr
1042 2008 1149 2073 omnia
1173 2006 1303 2071 recitari
1326 2026 1360 2070 o·

281 2101 393 2178 portet
416 2092 528 2159 eadem
551 2115 685 2180 prorsus
709 2100 835 2162 ratione
858 2116 897 2160 ac
920 2095 1004 2161 inira
1029 2115 1171 2168 annum;
1196 2114 1260 2160 nou
1284 2111 1359 2159 vero

277 2181 370 2265 juxta
394 2182 494 2266 leges,
511 2202 591 2267 quas
614 2185 705 2268 sequi
730 2202 810 2269 opus
826 2182 911 2248 ioret
935 2184 961 2247 si
986 2183 1042 2247 iiia
1066 2183 1098 2246 in
1116 2181 1227 2246 tiiircio
1251 2182 1360 2248 iocurn

281 2268 448 2335 habereut.
468 2269 630 2356 Excipitur
652 2272 680 2354 i.
698 2271 817 2335 Panem
839 2271 878 2335 de
900 2270 978 2335 ereio
1003 2278 1035 2334 et
1058 2269 1088 2355 ri.
1110 2270 1206 2334 Omne
1228 2267 1359 2333 deiecta·

280 2366 422 2421 ruentum
438 2365 511 2430 etos
528 2359 644 2444 quibus
661 2360 694 2423 in
711 2360 909 2445 expositione
926 2378 963 2423 ac
987 2358 1182 2443 repositione
1198 2355 1276 2421 Ven.
1301 2352 1359 2422 San

281 2445 450 2521 crementi,
464 2466 586 2513 necnon
599 2456 673 2533 post
686 2447 943 2513 administratam
959 2444 1121 2511 Fideiibus
1139 2443 1195 2510 SS.
1210 2442 1361 2509 Euchari-

280 2535 390 2609 stiam‚
406 2533 543 2620 Aiieiujo
567 2535 716 2601 subditur
733 2543 801 2600 toto
818 2543 963 2620 ternpore
979 2531 1126 2598 Pasciraii
1144 2531 1192 2619 (nt
1208 2551 1239 2596 n.
1258 2532 1277 2595 5
1295 2531 1360 2597 ani·

278 2621 488 2689 madversum
505 2621 576 2708 est),
593 2643 632 2688 ac
648 2622 798 2688 subditur
821 2624 918 2688 etiam
935 2621 966 2685 iu
985 2640 1060 2686 casu
1077 2621 1133 2685 iiio
1150 2618 1358 2706 expositionis

281 2717 316 2774 et
338 2709 546 2795 repositionis
569 2731 627 2795 per
651 2718 752 2775 totam
770 2711 922 2776 Octavam
940 2708 1091 2793 Corporis
1115 2707 1244 2773 Christi.
1265 2705 1359 2772 iiubr.

279 2796 385 2883 perui.
416 2819 446 2862 n.
477 2796 553 2862 240.
578 2797 743 2884 iincipitur
771 2807 929 2884 praterea
951 2797 1096 2885 Hymnus
1126 2795 1202 2860 Veni
1231 2795 1360 2860 Creator

279 2884 428 2972 Spiritus,
440 2885 495 2969 qui
512 2885 752 2952 concludendus
769 2894 819 2952 est
831 2886 924 2974 juxta
941 2892 1123 2970 temporum
1139 2883 1360 2950 diversitatem

271 2972 297 3058 ·(
305 2973 339 3038 S.
364 2971 401 3038 ii.
428 2971 463 3037 C.
488 2972 507 3036 5
532 2973 581 3038 riu
605 3024 612 3040 .
640 2974 724 3039 1859
749 2975 782 3039 iu
805 2973 936 3040 Pirrieu.
961 2974 1003 3038 od
1019 2972 1100 3059 ii),
1124 2973 1276 3038 nimirum
1300 2970 1358 3035 Pa·

281 3059 387 3125 schaii
411 3066 557 3146 tempore
572 2995 637 3126 geo
655 3062 746 3128 Petri
766 3062 806 3127 sit
827 3063 941 3150 piorin,
957 3073 986 3127 et
1001 3060 1084 3150 Filio
1108 3061 1163 3146 qui
1184 3058 1359 3124 amortuis

279 3157 367 3222 etc.;
399 3158 489 3214 extra
521 3168 596 3214 rero
621 3150 682 3216 hoc
705 3159 857 3237 tempus,
891 3158 1064 3236 utcumque
1085 3150 1243 3214 recitatur
1273 3144 1357 3212 inira

278 3233 419 3319 Octaras
453 3238 618 3323 propriam
649 3240 890 3305 conclusionem
925 3238 1103 3313 habentes,
1134 3255 1263 3321 sempor
1297 3251 1355 3319 per

338 3551 377 3636 (¹)
396 3558 543 3633 Tempore
565 3553 695 3616 Pascboii
716 3554 846 3631 Aiieinjo
861 3553 1022 3632 saepissime
1045 3551 1238 3629 ingeminatur
1260 3568 1293 3613 ac
1317 3567 1362 3611 ro-

277 3641 363 3696 sonat
384 3635 413 3694 in
436 3634 548 3695 Divinis
569 3633 689 3705 Officiis,
714 3635 782 3712 quia
803 3632 944 3694 nimirum
966 3650 1021 3692 non
1043 3631 1130 3690 ruodo
1152 3630 1288 3689 maximae
1310 3645 1357 3688 sn-

275 3711 436 3777 iemnitotis
457 3711 594 3791 goudium
616 3710 827 3785 silentiorum
848 3712 935 3772 etiem
950 3710 1019 3789 quia
1041 3709 1185 3770 beatitatis
1207 3717 1236 3769 et
1257 3706 1358 3783 giorioe

275 3809 344 3872 qooe
371 3810 425 3854 nos
457 3800 553 3852 manet
573 3791 602 3852 in
623 3792 704 3852 coeiis
725 3790 819 3867 imago
850 3798 903 3851 est.
927 3794 1017 3851 Porro
1039 3789 1168 3864 Alleluia
1201 3785 1357 3848 inciiabiiis

276 3871 464 3933 exultationis
484 3888 540 3932 ror
562 3879 615 3932 est.
631 3876 734 3931 contra
756 3871 944 3931 vehementer
964 3868 1087 3928 dedecet
1107 3866 1268 3930 versiculis
1291 3867 1360 3926 Pre-

276 3967 346 4012 cum
373 3948 442 4011 mni
463 3950 603 4027 rittebrju,
623 3950 690 4030 qnia
713 3951 817 4010 Preces
837 3947 980 4029 exprimit
1003 3945 1211 4010 necessitasne
1232 3944 1357 4024 gemitus

274 4028 440 4154 comitatpp.
462 4031 512 4091 ito
530 4031 627 4110 [orme
649 4029 797 4096 i'etumm.
