<?xml version="1.0" encoding="UTF-8"?>
<!DOCTYPE html PUBLIC "-//W3C//DTD XHTML 1.0 Transitional//EN"
    "http://www.w3.org/TR/xhtml1/DTD/xhtml1-transitional.dtd">
<html xmlns="http://www.w3.org/1999/xhtml" xml:lang="en" lang="en">
 <head>
  <title>
</title>
<meta http-equiv="Content-Type" content="text/html;charset=utf-8" />
  <meta name='ocr-system' content='tesseract 3.04.00' />
  <meta name='ocr-capabilities' content='ocr_page ocr_carea ocr_par ocr_line ocrx_word'/>
</head>
<body>
  <div class='ocr_page' id='page_1' title='image "./kalendariumperp00carpgoog_0364.png"; bbox 0 0 3484 4875; ppageno 0'>
   <div class='ocr_carea' id='block_1_1' title="bbox 587 511 1352 578">
    <p class='ocr_par' dir='ltr' id='par_1_1' title="bbox 587 511 1352 578">
     <span class='ocr_line' id='line_1_1' title="bbox 587 511 1352 578; baseline 0.004 -4"><span class='ocrx_word' id='word_1_1' title='bbox 587 528 808 576; x_wconf 80' lang='lat' dir='ltr'>rnnorlrrouns</span> <span class='ocrx_word' id='word_1_2' title='bbox 824 531 854 578; x_wconf 88' lang='lat' dir='ltr'>ru</span> <span class='ocrx_word' id='word_1_3' title='bbox 868 531 963 578; x_wconf 81' lang='grc'><strong>111111</strong></span> <span class='ocrx_word' id='word_1_4' title='bbox 979 530 1103 578; x_wconf 81' lang='grc'><strong>11111111</strong></span> <span class='ocrx_word' id='word_1_5' title='bbox 1292 511 1352 578; x_wconf 77' lang='grc'>551</span> 
     </span>
    </p>
   </div>
   <div class='ocr_carea' id='block_1_2' title="bbox 328 632 1436 4183">
    <p class='ocr_par' dir='ltr' id='par_1_2' title="bbox 356 632 1379 970">
     <span class='ocr_line' id='line_1_2' title="bbox 398 632 1379 724; baseline 0.003 -24"><span class='ocrx_word' id='word_1_6' title='bbox 398 634 437 701; x_wconf 92' lang='lat' dir='ltr'>ll.</span> <span class='ocrx_word' id='word_1_7' title='bbox 461 633 629 701; x_wconf 83' lang='lat' dir='ltr'><strong>Lectiones</strong></span> <span class='ocrx_word' id='word_1_8' title='bbox 653 638 791 724; x_wconf 81' lang='lat' dir='ltr'>propriae</span> <span class='ocrx_word' id='word_1_9' title='bbox 814 637 946 704; x_wconf 91' lang='lat' dir='ltr'>secundi</span> <span class='ocrx_word' id='word_1_10' title='bbox 969 636 1122 704; x_wconf 72' lang='lat' dir='ltr'>Nocturni</span> <span class='ocrx_word' id='word_1_11' title='bbox 1146 637 1177 703; x_wconf 92' lang='lat' dir='ltr'>in</span> <span class='ocrx_word' id='word_1_12' title='bbox 1196 632 1304 702; x_wconf 87' lang='lat' dir='ltr'>Officio</span> <span class='ocrx_word' id='word_1_13' title='bbox 1320 637 1379 703; x_wconf 84' lang='lat' dir='ltr'>lle·</span> 
     </span>
     <span class='ocr_line' id='line_1_3' title="bbox 358 724 1377 812; baseline 0.002 -23"><span class='ocrx_word' id='word_1_14' title='bbox 358 724 524 790; x_wconf 83' lang='lat' dir='ltr'>dicationis</span> <span class='ocrx_word' id='word_1_15' title='bbox 548 725 641 812; x_wconf 85' lang='lat' dir='ltr'>hujus</span> <span class='ocrx_word' id='word_1_16' title='bbox 664 725 696 792; x_wconf 94' lang='lat' dir='ltr'><strong>S.</strong></span> <span class='ocrx_word' id='word_1_17' title='bbox 714 727 857 792; x_wconf 86' lang='lat' dir='ltr'>Basilicae</span> <span class='ocrx_word' id='word_1_18' title='bbox 882 727 1031 794; x_wconf 90' lang='lat' dir='ltr'>dicuntur</span> <span class='ocrx_word' id='word_1_19' title='bbox 1051 728 1146 793; x_wconf 86' lang='lat' dir='ltr'>etium</span> <span class='ocrx_word' id='word_1_20' title='bbox 1171 726 1202 791; x_wconf 93' lang='lat' dir='ltr'>in</span> <span class='ocrx_word' id='word_1_21' title='bbox 1225 724 1377 791; x_wconf 84' lang='lat' dir='ltr'>Ecclesiis</span> 
     </span>
     <span class='ocr_line' id='line_1_4' title="bbox 356 803 1372 901; baseline 0 -22"><span class='ocrx_word' id='word_1_22' title='bbox 356 815 456 879; x_wconf 83' lang='lat' dir='ltr'>nostri</span> <span class='ocrx_word' id='word_1_23' title='bbox 473 811 611 889; x_wconf 84' lang='lat' dir='ltr'>Ordinis,</span> <span class='ocrx_word' id='word_1_24' title='bbox 631 834 766 899; x_wconf 87' lang='lat' dir='ltr'>quarum</span> <span class='ocrx_word' id='word_1_25' title='bbox 788 815 951 882; x_wconf 86' lang='lat' dir='ltr'>Dedicatio</span> <span class='ocrx_word' id='word_1_26' title='bbox 976 836 1014 881; x_wconf 83' lang='lat' dir='ltr'>ex</span> <span class='ocrx_word' id='word_1_27' title='bbox 1037 803 1190 901; x_wconf 84' lang='lat' dir='ltr'>peculiari</span> <span class='ocrx_word' id='word_1_28' title='bbox 1206 813 1372 900; x_wconf 82' lang='lat' dir='ltr'>priuilegio</span> 
     </span>
     <span class='ocr_line' id='line_1_5' title="bbox 356 901 1279 970; baseline -0.001 -3"><span class='ocrx_word' id='word_1_29' title='bbox 356 901 416 968; x_wconf 91' lang='lat' dir='ltr'>hac</span> <span class='ocrx_word' id='word_1_30' title='bbox 441 902 492 967; x_wconf 86' lang='lat' dir='ltr'>die</span> <span class='ocrx_word' id='word_1_31' title='bbox 517 903 705 969; x_wconf 84' lang='lat' dir='ltr'>celebretur.</span> <span class='ocrx_word' id='word_1_32' title='bbox 730 903 825 969; x_wconf 83' lang='lat' dir='ltr'>thdr.</span> <span class='ocrx_word' id='word_1_33' title='bbox 849 904 947 969; x_wconf 86' lang='lat' dir='ltr'>nostri</span> <span class='ocrx_word' id='word_1_34' title='bbox 968 902 1082 970; x_wconf 78' lang='lat' dir='ltr'>Frouc.</span> <span class='ocrx_word' id='word_1_35' title='bbox 1106 904 1196 969; x_wconf 87' lang='lat' dir='ltr'>Brev.</span> <span class='ocrx_word' id='word_1_36' title='bbox 1221 901 1279 967; x_wconf 86' lang='lat' dir='ltr'>dic.</span> 
     </span>
    </p>

    <p class='ocr_par' dir='ltr' id='par_1_3' title="bbox 348 990 1378 1323">
     <span class='ocr_line' id='line_1_6' title="bbox 397 990 1378 1058; baseline 0.001 -3"><span class='ocrx_word' id='word_1_37' title='bbox 397 990 452 1056; x_wconf 95' lang='lat' dir='ltr'>lll.</span> <span class='ocrx_word' id='word_1_38' title='bbox 478 990 514 1054; x_wconf 93' lang='lat' dir='ltr'>ln</span> <span class='ocrx_word' id='word_1_39' title='bbox 537 991 632 1056; x_wconf 90' lang='lat' dir='ltr'>ldissa</span> <span class='ocrx_word' id='word_1_40' title='bbox 648 992 862 1058; x_wconf 76' lang='lat' dir='ltr'>[iudicationis</span> <span class='ocrx_word' id='word_1_41' title='bbox 886 992 1037 1058; x_wconf 80' lang='lat' dir='ltr'>Ecclesiae</span> <span class='ocrx_word' id='word_1_42' title='bbox 1060 992 1092 1058; x_wconf 90' lang='lat' dir='ltr'>S.</span> <span class='ocrx_word' id='word_1_43' title='bbox 1109 991 1216 1056; x_wconf 83' lang='lat' dir='ltr'>llariae</span> <span class='ocrx_word' id='word_1_44' title='bbox 1241 990 1280 1055; x_wconf 92' lang='lat' dir='ltr'>de</span> <span class='ocrx_word' id='word_1_45' title='bbox 1302 990 1378 1056; x_wconf 93' lang='lat' dir='ltr'>Por-</span> 
     </span>
     <span class='ocr_line' id='line_1_7' title="bbox 353 1078 1375 1166; baseline 0.002 -23"><span class='ocrx_word' id='word_1_46' title='bbox 353 1079 499 1145; x_wconf 89' lang='lat' dir='ltr'>tiuncula</span> <span class='ocrx_word' id='word_1_47' title='bbox 530 1079 777 1166; x_wconf 78' lang='lat' dir='ltr'>haudquaquam</span> <span class='ocrx_word' id='word_1_48' title='bbox 807 1083 914 1147; x_wconf 89' lang='lat' dir='ltr'>locum</span> <span class='ocrx_word' id='word_1_49' title='bbox 946 1081 1042 1146; x_wconf 88' lang='lat' dir='ltr'>hahet</span> <span class='ocrx_word' id='word_1_50' title='bbox 1064 1078 1211 1146; x_wconf 79' lang='lat' dir='ltr'>Prmiatio</span> <span class='ocrx_word' id='word_1_51' title='bbox 1243 1080 1375 1165; x_wconf 90' lang='lat' dir='ltr'>propria</span> 
     </span>
     <span class='ocr_line' id='line_1_8' title="bbox 353 1165 1375 1257; baseline 0.002 -26"><span class='ocrx_word' id='word_1_52' title='bbox 353 1165 385 1233; x_wconf 89' lang='lat' dir='ltr'>S.</span> <span class='ocrx_word' id='word_1_53' title='bbox 412 1168 447 1233; x_wconf 89' lang='lat' dir='ltr'>P.</span> <span class='ocrx_word' id='word_1_54' title='bbox 472 1168 507 1232; x_wconf 89' lang='lat' dir='ltr'>N.</span> <span class='ocrx_word' id='word_1_55' title='bbox 532 1167 704 1234; x_wconf 83' lang='lat' dir='ltr'>Francisci.</span> <span class='ocrx_word' id='word_1_56' title='bbox 728 1170 759 1235; x_wconf 90' lang='lat' dir='ltr'>S.</span> <span class='ocrx_word' id='word_1_57' title='bbox 783 1170 820 1235; x_wconf 79' lang='lat' dir='ltr'>ll.</span> <span class='ocrx_word' id='word_1_58' title='bbox 840 1169 872 1235; x_wconf 80' lang='lat'><strong>0.</strong></span> <span class='ocrx_word' id='word_1_59' title='bbox 896 1168 1142 1257; x_wconf 69' lang='lat' dir='ltr'>alhaytam</span> <span class='ocrx_word' id='word_1_60' title='bbox 1167 1171 1199 1232; x_wconf 81' lang='lat' dir='ltr'>iu</span> <span class='ocrx_word' id='word_1_61' title='bbox 1220 1189 1283 1232; x_wconf 87' lang='lat' dir='ltr'>uuo</span> <span class='ocrx_word' id='word_1_62' title='bbox 1303 1168 1375 1233; x_wconf 90' lang='lat' dir='ltr'>Ord.</span> 
     </span>
     <span class='ocr_line' id='line_1_9' title="bbox 348 1255 759 1323; baseline 0.005 -2"><span class='ocrx_word' id='word_1_63' title='bbox 348 1255 428 1321; x_wconf 70' lang='lat' dir='ltr'>,utu</span> <span class='ocrx_word' id='word_1_64' title='bbox 454 1256 491 1320; x_wconf 87' lang='lat' dir='ltr'>de</span> <span class='ocrx_word' id='word_1_65' title='bbox 519 1256 639 1322; x_wconf 87' lang='lat' dir='ltr'>Obseru.</span> <span class='ocrx_word' id='word_1_66' title='bbox 664 1257 706 1323; x_wconf 87' lang='lat' dir='ltr'>od</span> <span class='ocrx_word' id='word_1_67' title='bbox 728 1258 759 1323; x_wconf 82' lang='lat' dir='ltr'>lt.</span> 
     </span>
    </p>

    <p class='ocr_par' dir='ltr' id='par_1_4' title="bbox 346 1343 1436 2034">
     <span class='ocr_line' id='line_1_10' title="bbox 398 1343 1376 1429; baseline 0.002 -21"><span class='ocrx_word' id='word_1_68' title='bbox 398 1344 451 1410; x_wconf 90' lang='lat' dir='ltr'><strong>IV.</strong></span> <span class='ocrx_word' id='word_1_69' title='bbox 476 1343 707 1429; x_wconf 81' lang='lat' dir='ltr'>indulgentiae,</span> <span class='ocrx_word' id='word_1_70' title='bbox 742 1347 879 1416; x_wconf 83' lang='lat' dir='ltr'>maxime</span> <span class='ocrx_word' id='word_1_71' title='bbox 902 1345 941 1411; x_wconf 88' lang='lat' dir='ltr'>de</span> <span class='ocrx_word' id='word_1_72' title='bbox 963 1346 1190 1421; x_wconf 87' lang='lat' dir='ltr'>Portiuncula,</span> <span class='ocrx_word' id='word_1_73' title='bbox 1224 1343 1376 1411; x_wconf 84' lang='lat' dir='ltr'>Ecclesiis</span> 
     </span>
     <span class='ocr_line' id='line_1_11' title="bbox 350 1432 1436 1522; baseline 0 -24"><span class='ocrx_word' id='word_1_74' title='bbox 350 1452 516 1498; x_wconf 75' lang='lat' dir='ltr'>concessae</span> <span class='ocrx_word' id='word_1_75' title='bbox 544 1434 620 1498; x_wconf 90' lang='lat' dir='ltr'>clim</span> <span class='ocrx_word' id='word_1_76' title='bbox 643 1435 792 1501; x_wconf 86' lang='lat' dir='ltr'>Fratrum</span> <span class='ocrx_word' id='word_1_77' title='bbox 815 1434 973 1500; x_wconf 90' lang='lat' dir='ltr'>llinorum</span> <span class='ocrx_word' id='word_1_78' title='bbox 997 1434 1098 1522; x_wconf 87' lang='lat' dir='ltr'>(idem</span> <span class='ocrx_word' id='word_1_79' title='bbox 1123 1434 1174 1500; x_wconf 90' lang='lat' dir='ltr'>dio</span> <span class='ocrx_word' id='word_1_80' title='bbox 1198 1432 1236 1496; x_wconf 93' lang='lat' dir='ltr'>de</span> <span class='ocrx_word' id='word_1_81' title='bbox 1261 1434 1375 1498; x_wconf 89' lang='lat' dir='ltr'>ceteris</span> <span class='ocrx_word' id='word_1_82' title='bbox 1433 1453 1436 1458; x_wconf 85' lang='lat'>·</span> 
     </span>
     <span class='ocr_line' id='line_1_12' title="bbox 349 1519 1375 1610; baseline 0 -24"><span class='ocrx_word' id='word_1_83' title='bbox 349 1519 578 1608; x_wconf 87' lang='lat' dir='ltr'>Regularihus)</span> <span class='ocrx_word' id='word_1_84' title='bbox 596 1522 680 1588; x_wconf 94' lang='lat' dir='ltr'>haud</span> <span class='ocrx_word' id='word_1_85' title='bbox 697 1526 833 1610; x_wconf 89' lang='lat' dir='ltr'>amplius</span> <span class='ocrx_word' id='word_1_86' title='bbox 857 1524 1075 1609; x_wconf 88' lang='lat' dir='ltr'>acquiruntur,</span> <span class='ocrx_word' id='word_1_87' title='bbox 1093 1521 1220 1589; x_wconf 89' lang='lat' dir='ltr'>tametsi</span> <span class='ocrx_word' id='word_1_88' title='bbox 1238 1522 1375 1607; x_wconf 91' lang='lat' dir='ltr'>cuipiam</span> 
     </span>
     <span class='ocr_line' id='line_1_13' title="bbox 348 1608 1375 1697; baseline 0 -22"><span class='ocrx_word' id='word_1_89' title='bbox 348 1608 520 1676; x_wconf 81' lang='lat' dir='ltr'>Sacerdoti</span> <span class='ocrx_word' id='word_1_90' title='bbox 544 1610 612 1697; x_wconf 82' lang='lat' dir='ltr'>eJ&#39;us</span> <span class='ocrx_word' id='word_1_91' title='bbox 629 1610 756 1677; x_wconf 83' lang='lat' dir='ltr'>Ordinis</span> <span class='ocrx_word' id='word_1_92' title='bbox 779 1612 848 1677; x_wconf 89' lang='lat' dir='ltr'>sine</span> <span class='ocrx_word' id='word_1_93' title='bbox 864 1612 1037 1696; x_wconf 81' lang='lat' dir='ltr'>Religionis</span> <span class='ocrx_word' id='word_1_94' title='bbox 1062 1612 1172 1677; x_wconf 88' lang='lat' dir='ltr'>habitu</span> <span class='ocrx_word' id='word_1_95' title='bbox 1196 1609 1375 1675; x_wconf 83' lang='lat' dir='ltr'>commissae</span> 
     </span>
     <span class='ocr_line' id='line_1_14' title="bbox 349 1697 1374 1787; baseline 0.001 -24"><span class='ocrx_word' id='word_1_96' title='bbox 349 1699 429 1775; x_wconf 88' lang='lat' dir='ltr'>sint,</span> <span class='ocrx_word' id='word_1_97' title='bbox 448 1708 482 1764; x_wconf 90' lang='lat' dir='ltr'>ut</span> <span class='ocrx_word' id='word_1_98' title='bbox 505 1697 623 1764; x_wconf 90' lang='lat' dir='ltr'>ibidem</span> <span class='ocrx_word' id='word_1_99' title='bbox 646 1700 778 1766; x_wconf 90' lang='lat' dir='ltr'>Sacrum</span> <span class='ocrx_word' id='word_1_100' title='bbox 802 1699 900 1766; x_wconf 89' lang='lat' dir='ltr'>faciat</span> <span class='ocrx_word' id='word_1_101' title='bbox 922 1708 982 1766; x_wconf 88' lang='lat' dir='ltr'>etc.</span> <span class='ocrx_word' id='word_1_102' title='bbox 1000 1702 1030 1766; x_wconf 88' lang='lat' dir='ltr'>S.</span> <span class='ocrx_word' id='word_1_103' title='bbox 1048 1700 1168 1787; x_wconf 74' lang='lat' dir='ltr'>ludulp.</span> <span class='ocrx_word' id='word_1_104' title='bbox 1189 1698 1220 1764; x_wconf 81' lang='lat'><strong>0.</strong></span> <span class='ocrx_word' id='word_1_105' title='bbox 1240 1698 1279 1762; x_wconf 90' lang='lat' dir='ltr'>l5</span> <span class='ocrx_word' id='word_1_106' title='bbox 1303 1699 1374 1764; x_wconf 77' lang='lat' dir='ltr'>dun.</span> 
     </span>
     <span class='ocr_line' id='line_1_15' title="bbox 349 1785 1374 1876; baseline 0 -23"><span class='ocrx_word' id='word_1_107' title='bbox 349 1787 439 1853; x_wconf 88' lang='grc'><strong>1818</strong></span> <span class='ocrx_word' id='word_1_108' title='bbox 458 1798 486 1853; x_wconf 85' lang='grc'>11</span> <span class='ocrx_word' id='word_1_109' title='bbox 502 1788 543 1853; x_wconf 73' lang='grc'>18</span> <span class='ocrx_word' id='word_1_110' title='bbox 560 1788 636 1874; x_wconf 82' lang='lat' dir='ltr'><strong>Moj.</strong></span> <span class='ocrx_word' id='word_1_111' title='bbox 656 1789 751 1855; x_wconf 77' lang='lat' dir='ltr'>lull.</span> <span class='ocrx_word' id='word_1_112' title='bbox 775 1789 910 1876; x_wconf 89' lang='lat' dir='ltr'>insuper</span> <span class='ocrx_word' id='word_1_113' title='bbox 930 1810 988 1855; x_wconf 92' lang='lat' dir='ltr'>nec</span> <span class='ocrx_word' id='word_1_114' title='bbox 1003 1788 1047 1854; x_wconf 94' lang='lat' dir='ltr'>ihi</span> <span class='ocrx_word' id='word_1_115' title='bbox 1063 1791 1147 1855; x_wconf 90' lang='lat' dir='ltr'>ultra</span> <span class='ocrx_word' id='word_1_116' title='bbox 1171 1785 1374 1854; x_wconf 86' lang='lat' dir='ltr'>retinendum</span> 
     </span>
     <span class='ocr_line' id='line_1_16' title="bbox 348 1875 1375 1954; baseline -0.002 -12"><span class='ocrx_word' id='word_1_117' title='bbox 348 1884 401 1942; x_wconf 89' lang='lat' dir='ltr'>est</span> <span class='ocrx_word' id='word_1_118' title='bbox 425 1875 653 1942; x_wconf 87' lang='lat' dir='ltr'>Kalendarium</span> <span class='ocrx_word' id='word_1_119' title='bbox 677 1875 828 1954; x_wconf 84' lang='lat' dir='ltr'>Ordinis,</span> <span class='ocrx_word' id='word_1_120' title='bbox 855 1878 911 1943; x_wconf 88' lang='lat' dir='ltr'>sed</span> <span class='ocrx_word' id='word_1_121' title='bbox 935 1878 1193 1944; x_wconf 87' lang='lat' dir='ltr'>substituendum</span> <span class='ocrx_word' id='word_1_122' title='bbox 1217 1875 1375 1941; x_wconf 87' lang='lat' dir='ltr'>Kalenda-</span> 
     </span>
     <span class='ocr_line' id='line_1_17' title="bbox 346 1963 1370 2034; baseline -0.003 -3"><span class='ocrx_word' id='word_1_123' title='bbox 346 1966 436 2031; x_wconf 88' lang='lat' dir='ltr'>rium</span> <span class='ocrx_word' id='word_1_124' title='bbox 452 1965 613 2030; x_wconf 85' lang='lat' dir='ltr'>llioecesis.</span> <span class='ocrx_word' id='word_1_125' title='bbox 637 1966 669 2030; x_wconf 89' lang='lat' dir='ltr'><strong>S.</strong></span> <span class='ocrx_word' id='word_1_126' title='bbox 686 1966 722 2031; x_wconf 78' lang='lat' dir='ltr'>ld.</span> <span class='ocrx_word' id='word_1_127' title='bbox 743 1967 774 2032; x_wconf 84' lang='lat' dir='ltr'><strong>C.</strong></span> <span class='ocrx_word' id='word_1_128' title='bbox 792 1966 834 2032; x_wconf 72' lang='grc'>10</span> <span class='ocrx_word' id='word_1_129' title='bbox 851 1966 924 2032; x_wconf 82' lang='grc'><strong>1111.</strong></span> <span class='ocrx_word' id='word_1_130' title='bbox 944 1967 1029 2032; x_wconf 76' lang='lat' dir='ltr'>luet</span> <span class='ocrx_word' id='word_1_131' title='bbox 1045 1966 1077 2029; x_wconf 84' lang='lat' dir='ltr'>in</span> <span class='ocrx_word' id='word_1_132' title='bbox 1096 1965 1265 2034; x_wconf 84' lang='lat' dir='ltr'>Corduben.</span> <span class='ocrx_word' id='word_1_133' title='bbox 1283 1963 1324 2029; x_wconf 89' lang='lat' dir='ltr'>od</span> <span class='ocrx_word' id='word_1_134' title='bbox 1341 1964 1370 2029; x_wconf 95' lang='lat' dir='ltr'>l.</span> 
     </span>
    </p>

    <p class='ocr_par' dir='ltr' id='par_1_5' title="bbox 345 2052 1374 2228">
     <span class='ocr_line' id='line_1_18' title="bbox 392 2052 1374 2141; baseline -0.003 -22"><span class='ocrx_word' id='word_1_135' title='bbox 392 2054 431 2119; x_wconf 90' lang='lat' dir='ltr'>V.</span> <span class='ocrx_word' id='word_1_136' title='bbox 456 2054 553 2119; x_wconf 90' lang='lat' dir='ltr'>ldissa</span> <span class='ocrx_word' id='word_1_137' title='bbox 584 2052 616 2119; x_wconf 89' lang='lat' dir='ltr'>S.</span> <span class='ocrx_word' id='word_1_138' title='bbox 642 2053 795 2141; x_wconf 84' lang='lat' dir='ltr'>Stephani</span> <span class='ocrx_word' id='word_1_139' title='bbox 819 2055 913 2141; x_wconf 79' lang='lat' dir='ltr'>Papae</span> <span class='ocrx_word' id='word_1_140' title='bbox 944 2062 976 2119; x_wconf 91' lang='lat' dir='ltr'>et</span> <span class='ocrx_word' id='word_1_141' title='bbox 999 2055 1169 2141; x_wconf 88' lang='lat' dir='ltr'>dlartyris,</span> <span class='ocrx_word' id='word_1_142' title='bbox 1201 2053 1227 2117; x_wconf 90' lang='lat' dir='ltr'>si</span> <span class='ocrx_word' id='word_1_143' title='bbox 1257 2052 1374 2117; x_wconf 89' lang='lat' dir='ltr'>alicubi</span> 
     </span>
     <span class='ocr_line' id='line_1_19' title="bbox 345 2139 1372 2228; baseline -0.002 -20"><span class='ocrx_word' id='word_1_144' title='bbox 345 2140 488 2228; x_wconf 80' lang='lat' dir='ltr'>legenda</span> <span class='ocrx_word' id='word_1_145' title='bbox 511 2143 698 2228; x_wconf 83' lang='lat' dir='ltr'>sit,praesto</span> <span class='ocrx_word' id='word_1_146' title='bbox 722 2142 814 2208; x_wconf 87' lang='lat' dir='ltr'>adest</span> <span class='ocrx_word' id='word_1_147' title='bbox 836 2144 868 2207; x_wconf 94' lang='lat' dir='ltr'>in</span> <span class='ocrx_word' id='word_1_148' title='bbox 891 2142 1011 2207; x_wconf 85' lang='lat' dir='ltr'>llissali</span> <span class='ocrx_word' id='word_1_149' title='bbox 1035 2141 1125 2207; x_wconf 86' lang='lat' dir='ltr'>Rorn.</span> <span class='ocrx_word' id='word_1_150' title='bbox 1144 2142 1203 2207; x_wconf 92' lang='lat' dir='ltr'>hac</span> <span class='ocrx_word' id='word_1_151' title='bbox 1225 2141 1295 2225; x_wconf 87' lang='lat' dir='ltr'>ipsa</span> <span class='ocrx_word' id='word_1_152' title='bbox 1312 2139 1372 2206; x_wconf 92' lang='lat' dir='ltr'>die.</span> 
     </span>
    </p>

    <p class='ocr_par' dir='ltr' id='par_1_6' title="bbox 329 2229 1375 2672">
     <span class='ocr_line' id='line_1_20' title="bbox 329 2229 1373 2319; baseline 0 -28"><span class='ocrx_word' id='word_1_153' title='bbox 329 2268 406 2291; x_wconf 89' lang='lat'><strong>.-</strong></span> <span class='ocrx_word' id='word_1_154' title='bbox 429 2229 464 2295; x_wconf 90' lang='lat' dir='ltr'>Si</span> <span class='ocrx_word' id='word_1_155' title='bbox 487 2230 604 2296; x_wconf 91' lang='lat' dir='ltr'>alicubi</span> <span class='ocrx_word' id='word_1_156' title='bbox 627 2231 760 2319; x_wconf 81' lang='lat' dir='ltr'>integrm</span> <span class='ocrx_word' id='word_1_157' title='bbox 782 2232 847 2296; x_wconf 87' lang='lat' dir='ltr'>sint</span> <span class='ocrx_word' id='word_1_158' title='bbox 869 2230 1087 2317; x_wconf 79' lang='lat' dir='ltr'>persolvenda</span> <span class='ocrx_word' id='word_1_159' title='bbox 1111 2231 1222 2317; x_wconf 86' lang='lat' dir='ltr'>primae</span> <span class='ocrx_word' id='word_1_160' title='bbox 1246 2236 1300 2293; x_wconf 92' lang='lat' dir='ltr'>aut</span> <span class='ocrx_word' id='word_1_161' title='bbox 1324 2246 1373 2292; x_wconf 88' lang='lat' dir='ltr'>se·</span> 
     </span>
     <span class='ocr_line' id='line_1_21' title="bbox 347 2316 1375 2404; baseline -0.005 -18"><span class='ocrx_word' id='word_1_162' title='bbox 347 2318 465 2386; x_wconf 84' lang='lat' dir='ltr'>cundre</span> <span class='ocrx_word' id='word_1_163' title='bbox 487 2318 635 2404; x_wconf 62' lang='lat' dir='ltr'>Vespera)</span> <span class='ocrx_word' id='word_1_164' title='bbox 659 2320 698 2385; x_wconf 93' lang='lat' dir='ltr'>dc</span> <span class='ocrx_word' id='word_1_165' title='bbox 721 2320 904 2385; x_wconf 85' lang='lat' dir='ltr'>inventione</span> <span class='ocrx_word' id='word_1_166' title='bbox 928 2317 959 2383; x_wconf 90' lang='lat' dir='ltr'>S.</span> <span class='ocrx_word' id='word_1_167' title='bbox 985 2318 1160 2404; x_wconf 87' lang='lat' dir='ltr'>Stephani,</span> <span class='ocrx_word' id='word_1_168' title='bbox 1184 2316 1375 2401; x_wconf 80' lang='lat' dir='ltr'>Antiphonae</span> 
     </span>
     <span class='ocr_line' id='line_1_22' title="bbox 348 2402 1375 2495; baseline -0.008 -18"><span class='ocrx_word' id='word_1_169' title='bbox 348 2428 425 2477; x_wconf 89' lang='lat' dir='ltr'>cum</span> <span class='ocrx_word' id='word_1_170' title='bbox 449 2407 593 2494; x_wconf 81' lang='lat' dir='ltr'>Capitulo</span> <span class='ocrx_word' id='word_1_171' title='bbox 626 2416 778 2495; x_wconf 92' lang='lat' dir='ltr'>petuntur</span> <span class='ocrx_word' id='word_1_172' title='bbox 801 2428 818 2475; x_wconf 92' lang='lat' dir='ltr'>e</span> <span class='ocrx_word' id='word_1_173' title='bbox 841 2407 1023 2482; x_wconf 80' lang='lat' dir='ltr'>Laudibus:</span> <span class='ocrx_word' id='word_1_174' title='bbox 1056 2407 1095 2490; x_wconf 75' lang='grc'>1.,</span> <span class='ocrx_word' id='word_1_175' title='bbox 1120 2405 1301 2493; x_wconf 81' lang='lat' dir='ltr'>Antiphoua</span> <span class='ocrx_word' id='word_1_176' title='bbox 1333 2402 1375 2470; x_wconf 90' lang='lat' dir='ltr'>ad</span> 
     </span>
     <span class='ocr_line' id='line_1_23' title="bbox 347 2491 1372 2586; baseline -0.007 -22"><span class='ocrx_word' id='word_1_177' title='bbox 347 2497 530 2586; x_wconf 76' lang='lat' dir='ltr'>Meyuificct</span> <span class='ocrx_word' id='word_1_178' title='bbox 553 2507 584 2563; x_wconf 90' lang='lat' dir='ltr'>et</span> <span class='ocrx_word' id='word_1_179' title='bbox 608 2495 716 2564; x_wconf 86' lang='lat' dir='ltr'>Oratio</span> <span class='ocrx_word' id='word_1_180' title='bbox 741 2507 816 2564; x_wconf 87' lang='lat' dir='ltr'>sunt</span> <span class='ocrx_word' id='word_1_181' title='bbox 838 2497 987 2584; x_wconf 89' lang='lat' dir='ltr'>propria,</span> <span class='ocrx_word' id='word_1_182' title='bbox 1011 2497 1130 2562; x_wconf 87' lang='lat' dir='ltr'>Psalmi</span> <span class='ocrx_word' id='word_1_183' title='bbox 1154 2503 1228 2560; x_wconf 89' lang='lat' dir='ltr'>vero</span> <span class='ocrx_word' id='word_1_184' title='bbox 1254 2502 1286 2559; x_wconf 88' lang='grc'>11</span> <span class='ocrx_word' id='word_1_185' title='bbox 1310 2491 1372 2580; x_wconf 90' lang='lat' dir='ltr'>Hy·</span> 
     </span>
     <span class='ocr_line' id='line_1_24' title="bbox 347 2583 1291 2672; baseline -0.006 -20"><span class='ocrx_word' id='word_1_186' title='bbox 347 2606 444 2652; x_wconf 90' lang='lat' dir='ltr'>mnus</span> <span class='ocrx_word' id='word_1_187' title='bbox 468 2593 543 2651; x_wconf 91' lang='lat' dir='ltr'>sunt</span> <span class='ocrx_word' id='word_1_188' title='bbox 567 2586 605 2651; x_wconf 94' lang='lat' dir='ltr'>de</span> <span class='ocrx_word' id='word_1_189' title='bbox 628 2585 794 2653; x_wconf 80' lang='lat' dir='ltr'>Communi</span> <span class='ocrx_word' id='word_1_190' title='bbox 818 2588 912 2652; x_wconf 92' lang='lat' dir='ltr'>unius</span> <span class='ocrx_word' id='word_1_191' title='bbox 935 2585 1094 2672; x_wconf 84' lang='lat' dir='ltr'>Martyris.</span> <span class='ocrx_word' id='word_1_192' title='bbox 1118 2584 1214 2649; x_wconf 81' lang='lat' dir='ltr'>lludr.</span> <span class='ocrx_word' id='word_1_193' title='bbox 1238 2583 1291 2648; x_wconf 84' lang='lat' dir='ltr'>ihi.</span> 
     </span>
    </p>

    <p class='ocr_par' dir='ltr' id='par_1_7' title="bbox 328 2669 1374 3384">
     <span class='ocr_line' id='line_1_25' title="bbox 328 2669 1373 2761; baseline -0.001 -26"><span class='ocrx_word' id='word_1_194' title='bbox 328 2719 332 2735; x_wconf 93' lang='lat'><strong>.</strong></span> <span class='ocrx_word' id='word_1_195' title='bbox 357 2711 404 2724; x_wconf 88' lang='lat'><em>-</em></span> <span class='ocrx_word' id='word_1_196' title='bbox 426 2675 451 2739; x_wconf 94' lang='lat' dir='ltr'>l.</span> <span class='ocrx_word' id='word_1_197' title='bbox 475 2674 627 2740; x_wconf 77' lang='lat' dir='ltr'>Ecclesiae</span> <span class='ocrx_word' id='word_1_198' title='bbox 651 2674 706 2740; x_wconf 92' lang='lat' dir='ltr'><strong>SS.</strong></span> <span class='ocrx_word' id='word_1_199' title='bbox 726 2674 884 2741; x_wconf 90' lang='lat' dir='ltr'>Salvatori</span> <span class='ocrx_word' id='word_1_200' title='bbox 909 2674 1022 2740; x_wconf 82' lang='lat' dir='ltr'>dicatae</span> <span class='ocrx_word' id='word_1_201' title='bbox 1049 2694 1108 2761; x_wconf 92' lang='lat' dir='ltr'>pro</span> <span class='ocrx_word' id='word_1_202' title='bbox 1125 2673 1230 2738; x_wconf 85' lang='lat' dir='ltr'>Titulo</span> <span class='ocrx_word' id='word_1_203' title='bbox 1254 2669 1373 2736; x_wconf 87' lang='lat' dir='ltr'>hahent</span> 
     </span>
     <span class='ocr_line' id='line_1_26' title="bbox 346 2758 1373 2849; baseline -0.007 -19"><span class='ocrx_word' id='word_1_204' title='bbox 346 2763 480 2830; x_wconf 82' lang='lat' dir='ltr'>Festum</span> <span class='ocrx_word' id='word_1_205' title='bbox 504 2763 693 2829; x_wconf 89' lang='lat' dir='ltr'>hodiernum</span> <span class='ocrx_word' id='word_1_206' title='bbox 716 2764 1040 2849; x_wconf 79' lang='lat' dir='ltr'>Transfiguratiouis,</span> <span class='ocrx_word' id='word_1_207' title='bbox 1064 2763 1149 2849; x_wconf 91' lang='lat' dir='ltr'>quod</span> <span class='ocrx_word' id='word_1_208' title='bbox 1172 2760 1305 2849; x_wconf 83' lang='lat' dir='ltr'>proinde</span> <span class='ocrx_word' id='word_1_209' title='bbox 1328 2758 1373 2824; x_wconf 95' lang='lat' dir='ltr'>ihi</span> 
     </span>
     <span class='ocr_line' id='line_1_27' title="bbox 345 2849 1371 2939; baseline -0.004 -21"><span class='ocrx_word' id='word_1_210' title='bbox 345 2851 567 2939; x_wconf 82' lang='lat' dir='ltr'>peragendum</span> <span class='ocrx_word' id='word_1_211' title='bbox 591 2860 640 2918; x_wconf 88' lang='lat' dir='ltr'>est</span> <span class='ocrx_word' id='word_1_212' title='bbox 655 2854 719 2918; x_wconf 90' lang='lat' dir='ltr'>ritu</span> <span class='ocrx_word' id='word_1_213' title='bbox 744 2852 863 2939; x_wconf 85' lang='lat' dir='ltr'>duplici</span> <span class='ocrx_word' id='word_1_214' title='bbox 887 2854 999 2939; x_wconf 86' lang='lat' dir='ltr'>primae</span> <span class='ocrx_word' id='word_1_215' title='bbox 1016 2853 1130 2919; x_wconf 91' lang='lat' dir='ltr'>classis</span> <span class='ocrx_word' id='word_1_216' title='bbox 1154 2872 1226 2918; x_wconf 89' lang='lat' dir='ltr'>oum</span> <span class='ocrx_word' id='word_1_217' title='bbox 1243 2849 1371 2916; x_wconf 87' lang='lat' dir='ltr'>Octava.</span> 
     </span>
     <span class='ocr_line' id='line_1_28' title="bbox 344 2937 1373 3027; baseline -0.006 -18"><span class='ocrx_word' id='word_1_218' title='bbox 344 2941 479 3009; x_wconf 75' lang='lat' dir='ltr'>Adtende</span> <span class='ocrx_word' id='word_1_219' title='bbox 514 2963 585 3027; x_wconf 85' lang='lat' dir='ltr'>quae</span> <span class='ocrx_word' id='word_1_220' title='bbox 618 2940 779 3006; x_wconf 84' lang='lat' dir='ltr'>docuimus</span> <span class='ocrx_word' id='word_1_221' title='bbox 813 2963 838 3007; x_wconf 89' lang='lat' dir='ltr'>c.</span> <span class='ocrx_word' id='word_1_222' title='bbox 874 2941 947 3006; x_wconf 76' lang='lat' dir='ltr'>‘lm</span> <span class='ocrx_word' id='word_1_223' title='bbox 973 2941 1025 3007; x_wconf 89' lang='grc'>16.</span> <span class='ocrx_word' id='word_1_224' title='bbox 1060 2939 1210 3020; x_wconf 84' lang='lat' dir='ltr'>Quamvis</span> <span class='ocrx_word' id='word_1_225' title='bbox 1243 2939 1276 3004; x_wconf 93' lang='lat' dir='ltr'>in</span> <span class='ocrx_word' id='word_1_226' title='bbox 1311 2937 1373 3003; x_wconf 90' lang='lat' dir='ltr'>hoc</span> 
     </span>
     <span class='ocr_line' id='line_1_29' title="bbox 345 3027 1373 3116; baseline -0.006 -20"><span class='ocrx_word' id='word_1_227' title='bbox 345 3028 509 3096; x_wconf 80' lang='lat' dir='ltr'>Festo.ad</span> <span class='ocrx_word' id='word_1_228' title='bbox 532 3029 690 3105; x_wconf 87' lang='lat' dir='ltr'>Tertiam,</span> <span class='ocrx_word' id='word_1_229' title='bbox 721 3028 849 3095; x_wconf 86' lang='lat' dir='ltr'>Sextum</span> <span class='ocrx_word' id='word_1_230' title='bbox 881 3039 913 3095; x_wconf 88' lang='grc'>11</span> <span class='ocrx_word' id='word_1_231' title='bbox 935 3029 1058 3097; x_wconf 89' lang='lat' dir='ltr'>Nonam</span> <span class='ocrx_word' id='word_1_232' title='bbox 1083 3030 1189 3116; x_wconf 72' lang='grc'><strong>1111111.</strong></span> <span class='ocrx_word' id='word_1_233' title='bbox 1214 3027 1373 3093; x_wconf 88' lang='lat' dir='ltr'>addantur</span> 
     </span>
     <span class='ocr_line' id='line_1_30' title="bbox 344 3117 1374 3204; baseline -0.005 -20"><span class='ocrx_word' id='word_1_234' title='bbox 344 3118 507 3203; x_wconf 82' lang='lat' dir='ltr'>Allelujo,</span> <span class='ocrx_word' id='word_1_235' title='bbox 541 3117 679 3204; x_wconf 89' lang='lat' dir='ltr'>idipsum</span> <span class='ocrx_word' id='word_1_236' title='bbox 703 3126 810 3184; x_wconf 87' lang='lat' dir='ltr'>tamen</span> <span class='ocrx_word' id='word_1_237' title='bbox 845 3140 907 3184; x_wconf 94' lang='lat' dir='ltr'>non</span> <span class='ocrx_word' id='word_1_238' title='bbox 945 3118 1079 3184; x_wconf 79' lang='lat' dir='ltr'>allicitur</span> <span class='ocrx_word' id='word_1_239' title='bbox 1104 3117 1142 3183; x_wconf 93' lang='lat' dir='ltr'>ad</span> <span class='ocrx_word' id='word_1_240' title='bbox 1166 3117 1307 3182; x_wconf 90' lang='lat' dir='ltr'>Primam</span> <span class='ocrx_word' id='word_1_241' title='bbox 1341 3121 1374 3179; x_wconf 88' lang='grc'>11</span> 
     </span>
     <span class='ocr_line' id='line_1_31' title="bbox 346 3205 1371 3292; baseline -0.006 -20"><span class='ocrx_word' id='word_1_242' title='bbox 346 3205 609 3292; x_wconf 85' lang='lat' dir='ltr'>Oumplctorium.</span> <span class='ocrx_word' id='word_1_243' title='bbox 634 3207 729 3272; x_wconf 80' lang='lat' dir='ltr'>llrrbr.</span> <span class='ocrx_word' id='word_1_244' title='bbox 756 3207 800 3272; x_wconf 84' lang='lat' dir='ltr'>tit.</span> <span class='ocrx_word' id='word_1_245' title='bbox 825 3208 866 3273; x_wconf 71' lang='lat'>28</span> <span class='ocrx_word' id='word_1_246' title='bbox 891 3230 920 3271; x_wconf 88' lang='grc'>1.</span> <span class='ocrx_word' id='word_1_247' title='bbox 947 3207 976 3272; x_wconf 88' lang='lat'><strong>5.</strong></span> <span class='ocrx_word' id='word_1_248' title='bbox 999 3205 1116 3272; x_wconf 81' lang='lat' dir='ltr'>Videris</span> <span class='ocrx_word' id='word_1_249' title='bbox 1132 3207 1226 3271; x_wconf 87' lang='lat' dir='ltr'>etium</span> <span class='ocrx_word' id='word_1_250' title='bbox 1243 3211 1371 3269; x_wconf 82' lang='grc'><strong>1111111-</strong></span> 
     </span>
     <span class='ocr_line' id='line_1_32' title="bbox 346 3294 915 3384; baseline -0.002 -24"><span class='ocrx_word' id='word_1_251' title='bbox 346 3294 463 3360; x_wconf 78' lang='lat' dir='ltr'>tionem</span> <span class='ocrx_word' id='word_1_252' title='bbox 485 3295 540 3360; x_wconf 84' lang='lat' dir='ltr'>sub</span> <span class='ocrx_word' id='word_1_253' title='bbox 562 3296 656 3382; x_wconf 81' lang='lat' dir='ltr'>finem</span> <span class='ocrx_word' id='word_1_254' title='bbox 680 3295 721 3361; x_wconf 88' lang='lat' dir='ltr'>ud</span> <span class='ocrx_word' id='word_1_255' title='bbox 741 3317 814 3384; x_wconf 76' lang='lat' dir='ltr'>pop.</span> <span class='ocrx_word' id='word_1_256' title='bbox 842 3296 915 3360; x_wconf 75' lang='lat' dir='ltr'>ltu.</span> 
     </span>
    </p>

    <p class='ocr_par' dir='ltr' id='par_1_8' title="bbox 337 3377 1372 4183">
     <span class='ocr_line' id='line_1_33' title="bbox 390 3377 1372 3469; baseline -0.004 -22"><span class='ocrx_word' id='word_1_257' title='bbox 390 3382 430 3449; x_wconf 88' lang='grc' dir='ltr'>ΙΙ.</span> <span class='ocrx_word' id='word_1_258' title='bbox 455 3382 556 3449; x_wconf 89' lang='lat' dir='ltr'>Hodie</span> <span class='ocrx_word' id='word_1_259' title='bbox 573 3404 670 3469; x_wconf 90' lang='lat' dir='ltr'>quum</span> <span class='ocrx_word' id='word_1_260' title='bbox 693 3386 726 3449; x_wconf 95' lang='lat' dir='ltr'>in</span> <span class='ocrx_word' id='word_1_261' title='bbox 750 3384 845 3449; x_wconf 88' lang='lat' dir='ltr'>hlissa</span> <span class='ocrx_word' id='word_1_262' title='bbox 866 3382 1129 3448; x_wconf 87' lang='lat' dir='ltr'>commemoratio</span> <span class='ocrx_word' id='word_1_263' title='bbox 1153 3381 1207 3447; x_wconf 86' lang='lat' dir='ltr'>fiat</span> <span class='ocrx_word' id='word_1_264' title='bbox 1230 3379 1262 3444; x_wconf 89' lang='lat' dir='ltr'><strong>S.</strong></span> <span class='ocrx_word' id='word_1_265' title='bbox 1279 3377 1372 3464; x_wconf 85' lang='lat' dir='ltr'>Xysti</span> 
     </span>
     <span class='ocr_line' id='line_1_34' title="bbox 345 3468 1372 3561; baseline -0.008 -22"><span class='ocrx_word' id='word_1_266' title='bbox 345 3471 444 3558; x_wconf 82' lang='lat' dir='ltr'>Papae</span> <span class='ocrx_word' id='word_1_267' title='bbox 467 3481 499 3538; x_wconf 91' lang='lat' dir='ltr'>et</span> <span class='ocrx_word' id='word_1_268' title='bbox 521 3472 681 3561; x_wconf 85' lang='lat' dir='ltr'>llartyris,</span> <span class='ocrx_word' id='word_1_269' title='bbox 705 3480 876 3558; x_wconf 86' lang='lat' dir='ltr'>propterea</span> <span class='ocrx_word' id='word_1_270' title='bbox 899 3473 933 3536; x_wconf 92' lang='lat' dir='ltr'>in</span> <span class='ocrx_word' id='word_1_271' title='bbox 957 3469 1107 3536; x_wconf 87' lang='lat' dir='ltr'>Oratione</span> <span class='ocrx_word' id='word_1_272' title='bbox 1131 3468 1372 3535; x_wconf 70' lang='grc'><strong>0111111011-</strong></span> 
     </span>
     <span class='ocr_line' id='line_1_35' title="bbox 345 3554 1371 3648; baseline -0.007 -22"><span class='ocrx_word' id='word_1_273' title='bbox 345 3561 539 3626; x_wconf 83' lang='lat' dir='ltr'>municoates</span> <span class='ocrx_word' id='word_1_274' title='bbox 562 3563 601 3626; x_wconf 94' lang='lat' dir='ltr'>ad</span> <span class='ocrx_word' id='word_1_275' title='bbox 625 3582 741 3628; x_wconf 92' lang='lat' dir='ltr'>nornen</span> <span class='ocrx_word' id='word_1_276' title='bbox 765 3559 853 3648; x_wconf 81' lang='lat' dir='ltr'>Xystc&#39;</span> <span class='ocrx_word' id='word_1_277' title='bbox 875 3558 1068 3625; x_wconf 80' lang='lat' dir='ltr'>flectendum</span> <span class='ocrx_word' id='word_1_278' title='bbox 1100 3564 1149 3623; x_wconf 88' lang='lat' dir='ltr'>est</span> <span class='ocrx_word' id='word_1_279' title='bbox 1177 3564 1281 3644; x_wconf 89' lang='lat' dir='ltr'>caput.</span> <span class='ocrx_word' id='word_1_280' title='bbox 1306 3554 1371 3622; x_wconf 82' lang='lat' dir='ltr'>Ali·</span> 
     </span>
     <span class='ocr_line' id='line_1_36' title="bbox 337 3645 1372 3736; baseline -0.007 -21"><span class='ocrx_word' id='word_1_281' title='bbox 337 3657 427 3736; x_wconf 90' lang='lat' dir='ltr'>-quot</span> <span class='ocrx_word' id='word_1_282' title='bbox 457 3649 664 3716; x_wconf 88' lang='lat' dir='ltr'>nihilominus</span> <span class='ocrx_word' id='word_1_283' title='bbox 688 3653 844 3716; x_wconf 78' lang='lat' dir='ltr'>ductores</span> <span class='ocrx_word' id='word_1_284' title='bbox 872 3648 1041 3727; x_wconf 90' lang='lat' dir='ltr'>dubitant,</span> <span class='ocrx_word' id='word_1_285' title='bbox 1073 3667 1151 3712; x_wconf 90' lang='lat' dir='ltr'>num</span> <span class='ocrx_word' id='word_1_286' title='bbox 1174 3646 1205 3712; x_wconf 94' lang='lat' dir='ltr'><strong>S.</strong></span> <span class='ocrx_word' id='word_1_287' title='bbox 1230 3645 1372 3733; x_wconf 83' lang='lat' dir='ltr'>Xystus,</span> 
     </span>
     <span class='ocr_line' id='line_1_37' title="bbox 347 3732 1370 3824; baseline -0.008 -19"><span class='ocrx_word' id='word_1_288' title='bbox 347 3738 441 3824; x_wconf 85' lang='lat' dir='ltr'>cujus</span> <span class='ocrx_word' id='word_1_289' title='bbox 464 3738 524 3803; x_wconf 90' lang='lat' dir='ltr'>hac</span> <span class='ocrx_word' id='word_1_290' title='bbox 547 3738 598 3804; x_wconf 91' lang='lat' dir='ltr'>die</span> <span class='ocrx_word' id='word_1_291' title='bbox 614 3741 719 3824; x_wconf 85' lang='lat' dir='ltr'>agitur</span> <span class='ocrx_word' id='word_1_292' title='bbox 742 3737 1016 3811; x_wconf 84' lang='lat' dir='ltr'>commemoratio,</span> <span class='ocrx_word' id='word_1_293' title='bbox 1032 3737 1086 3801; x_wconf 89' lang='lat' dir='ltr'>illc</span> <span class='ocrx_word' id='word_1_294' title='bbox 1103 3735 1188 3800; x_wconf 94' lang='lat' dir='ltr'>idem</span> <span class='ocrx_word' id='word_1_295' title='bbox 1212 3735 1263 3810; x_wconf 93' lang='lat' dir='ltr'>sit,</span> <span class='ocrx_word' id='word_1_296' title='bbox 1281 3732 1370 3820; x_wconf 82' lang='lat' dir='ltr'>cujus</span> 
     </span>
     <span class='ocr_line' id='line_1_38' title="bbox 345 3820 1370 3893; baseline -0.008 0"><span class='ocrx_word' id='word_1_297' title='bbox 345 3828 379 3893; x_wconf 92' lang='lat' dir='ltr'>in</span> <span class='ocrx_word' id='word_1_298' title='bbox 402 3847 442 3893; x_wconf 89' lang='lat' dir='ltr'>ea</span> <span class='ocrx_word' id='word_1_299' title='bbox 470 3826 619 3893; x_wconf 88' lang='lat' dir='ltr'>Oratione</span> <span class='ocrx_word' id='word_1_300' title='bbox 643 3829 760 3893; x_wconf 89' lang='lat' dir='ltr'>mentio</span> <span class='ocrx_word' id='word_1_301' title='bbox 785 3827 931 3893; x_wconf 85' lang='lat' dir='ltr'>hahetur.</span> <span class='ocrx_word' id='word_1_302' title='bbox 954 3825 1029 3892; x_wconf 85' lang='lat' dir='ltr'>Vide</span> <span class='ocrx_word' id='word_1_303' title='bbox 1055 3824 1158 3891; x_wconf 81' lang='grc'><strong>01111.</strong></span> <span class='ocrx_word' id='word_1_304' title='bbox 1184 3834 1223 3890; x_wconf 88' lang='grc'>11.</span> <span class='ocrx_word' id='word_1_305' title='bbox 1243 3824 1261 3888; x_wconf 89' lang='lat'>5</span> <span class='ocrx_word' id='word_1_306' title='bbox 1285 3820 1370 3888; x_wconf 85' lang='grc'>116</span> 
     </span>
     <span class='ocr_line' id='line_1_39' title="bbox 344 3909 1370 4002; baseline -0.008 -21"><span class='ocrx_word' id='word_1_307' title='bbox 344 3937 375 3981; x_wconf 84' lang='lat' dir='ltr'>n.</span> <span class='ocrx_word' id='word_1_308' title='bbox 394 3914 448 3982; x_wconf 76' lang='lat'>54.</span> <span class='ocrx_word' id='word_1_309' title='bbox 466 3914 500 3980; x_wconf 91' lang='lat' dir='ltr'>Si</span> <span class='ocrx_word' id='word_1_310' title='bbox 524 3917 672 4002; x_wconf 88' lang='lat' dir='ltr'>quapiam</span> <span class='ocrx_word' id='word_1_311' title='bbox 697 3916 735 3982; x_wconf 88' lang='lat' dir='ltr'>dc</span> <span class='ocrx_word' id='word_1_312' title='bbox 760 3936 856 3982; x_wconf 90' lang='lat' dir='ltr'>causa</span> <span class='ocrx_word' id='word_1_313' title='bbox 872 3914 1007 4001; x_wconf 82' lang='lat' dir='ltr'>legenda</span> <span class='ocrx_word' id='word_1_314' title='bbox 1030 3913 1072 3979; x_wconf 88' lang='lat' dir='ltr'>sit</span> <span class='ocrx_word' id='word_1_315' title='bbox 1088 3912 1186 3978; x_wconf 88' lang='lat' dir='ltr'>llissa</span> <span class='ocrx_word' id='word_1_316' title='bbox 1209 3911 1259 3978; x_wconf 90' lang='lat' dir='ltr'>Ss.</span> <span class='ocrx_word' id='word_1_317' title='bbox 1275 3909 1370 3997; x_wconf 87' lang='lat' dir='ltr'>Xysti</span> 
     </span>
     <span class='ocr_line' id='line_1_40' title="bbox 346 3997 1371 4092; baseline -0.009 -21"><span class='ocrx_word' id='word_1_318' title='bbox 346 4012 380 4071; x_wconf 87' lang='lat' dir='ltr'>et</span> <span class='ocrx_word' id='word_1_319' title='bbox 402 4003 571 4071; x_wconf 89' lang='lat' dir='ltr'>Sociorum</span> <span class='ocrx_word' id='word_1_320' title='bbox 595 4005 781 4092; x_wconf 81' lang='lat' dir='ltr'>Martyrum,</span> <span class='ocrx_word' id='word_1_321' title='bbox 803 4025 841 4070; x_wconf 91' lang='lat' dir='ltr'>ea</span> <span class='ocrx_word' id='word_1_322' title='bbox 864 4005 1007 4091; x_wconf 85' lang='lat' dir='ltr'>suppetit</span> <span class='ocrx_word' id='word_1_323' title='bbox 1030 4022 1067 4067; x_wconf 90' lang='lat' dir='ltr'>cx</span> <span class='ocrx_word' id='word_1_324' title='bbox 1083 4001 1250 4068; x_wconf 82' lang='lat' dir='ltr'>Communi</span> <span class='ocrx_word' id='word_1_325' title='bbox 1273 3997 1371 4086; x_wconf 90' lang='lat' dir='ltr'>pluri-</span> 
     </span>
     <span class='ocr_line' id='line_1_41' title="bbox 345 4089 1307 4183; baseline -0.009 -21"><span class='ocrx_word' id='word_1_326' title='bbox 345 4114 476 4162; x_wconf 89' lang='lat' dir='ltr'>morum</span> <span class='ocrx_word' id='word_1_327' title='bbox 498 4093 674 4183; x_wconf 81' lang='lat' dir='ltr'>Martyrum</span> <span class='ocrx_word' id='word_1_328' title='bbox 696 4094 845 4162; x_wconf 90' lang='lat' dir='ltr'>secundo.</span> <span class='ocrx_word' id='word_1_329' title='bbox 860 4094 943 4171; x_wconf 89' lang='lat' dir='ltr'>loco,</span> <span class='ocrx_word' id='word_1_330' title='bbox 960 4111 1082 4180; x_wconf 82' lang='lat' dir='ltr'>nempe</span> <span class='ocrx_word' id='word_1_331' title='bbox 1105 4089 1307 4181; x_wconf 82' lang='lat' dir='ltr'>Sapientiam.</span> 
     </span>
    </p>
   </div>
   <div class='ocr_carea' id='block_1_3' title="bbox 0 0 1746 4875">
    <p class='ocr_par' dir='ltr' id='par_1_9' title="bbox 0 0 1746 4875">
     <span class='ocr_line' id='line_1_42' title="bbox 0 0 1746 4875; baseline 0 2"><span class='ocrx_word' id='word_1_332' title='bbox 0 0 1746 4875; x_wconf 95' lang='lat' dir='ltr'> </span> 
     </span>
    </p>
   </div>
  </div>
 </body>
</html>
