3484 4875
358 488 424 558 ‘lli
615 500 1146 552 nmorononrnnonrusntscnnm

338 614 412 682 lom
438 611 545 677 Gloria
569 608 714 697 (excepta
731 609 827 676 llissa
843 610 1089 698 Rogationum)‚
1106 631 1168 679 nun
1190 609 1350 682 annuo

338 722 396 769 sen
420 698 620 787 Symbolum.
645 696 1016 764 leonumlonum.
1042 700 1059 764 l
1086 699 1241 766 Advectos.

407 788 460 852 ll.
484 786 520 851 ln
537 786 639 862 ¹llissa
663 786 704 850 ab
726 783 846 852 Octava
869 785 1043 852 Paschatis
1066 807 1168 874 usque
1187 787 1224 854 al
1242 785 1353 854 trous·

338 895 426 951 nem,
448 874 511 939 nisi
535 873 652 958 duplex
675 873 727 946 sit,
745 870 890 940 Orationi
914 872 978 938 diei
1002 874 1157 941 subditur
1177 872 1354 942 seconlaln

338 966 385 1030 tio
412 961 550 1028 Concede
571 982 637 1036 uos,
662 959 681 1024 5
705 959 850 1026 Ecelcsioe
871 961 923 1026 vel
948 981 1010 1046 pro
1034 963 1133 1048 Papa.
1153 962 1243 1028 llulr.
1261 962 1295 1028 tt.
1309 962 1356 1046 tu

341 1052 373 1118 (i.
398 1050 519 1134 Siqua
549 1067 626 1114 veru
650 1047 914 1115 commemoratio
947 1047 988 1114 de
1012 1047 1162 1137 Simplici
1186 1049 1355 1124 lacienlaitss
1393 1071 1396 1096 =

340 1147 418 1205 tunc
442 1137 482 1203 de
505 1137 568 1201 isto
591 1136 612 1201 7
635 1132 746 1202 Oratio
770 1138 843 1211 erit,
866 1136 886 1201 7
913 1135 1072 1213 Concede,
1094 1146 1129 1203 ct
1150 1140 1245 1204 altera
1262 1135 1356 1203 letto

340 1226 391 1292 rel
415 1244 474 1311 pro
498 1224 585 1310 Papa
609 1224 803 1310 praeteritur.
819 1226 862 1290 At
886 1224 940 1289 ubi
965 1224 1086 1309 duplex
1109 1234 1251 1292 occurrat
1269 1239 1356 1290 cenot·

341 1314 498 1387 moratio,
521 1311 625 1377 amhae
648 1309 818 1378 Orationes
841 1310 881 1376 le
905 1319 1055 1398 tempore
1078 1311 1278 1380 omittuntur:
1301 1319 1361 1395 atqu

341 1404 388 1468 ita
411 1419 540 1485 semper
564 1399 670 1483 agitur
704 1400 737 1465 in
772 1399 943 1465 similibus.
978 1399 1232 1487 Item·quotidle
1256 1401 1359 1465 recitato

340 1487 493 1556 Praefntio
515 1486 680 1553 Paschalis
702 1486 740 1553 ln
762 1487 820 1553 ltoc
839 1486 1051 1574 potissimum,
1076 1490 1176 1556 etiam
1199 1491 1229 1555 iu
1243 1484 1361 1553 nominet

342 1586 375 1645 et
398 1576 503 1642 Fostis
526 1574 741 1650 Sanctorum,
777 1595 849 1660 quac
906 1576 1049 1661 ropriam
1073 1597 1140 1643 non
1163 1577 1281 1643 habent.
1304 1572 1362 1639 lul.

343 1674 414 1731 oute
437 1663 659 1749 Proeiotiouem
691 1673 721 1729 et
750 1663 782 1727 S.
806 1664 843 1728 R.
870 1594 903 1729 ἕ
928 1663 969 1729 lt
993 1662 1067 1729 Dec.
1093 1666 1180 1733 7779
1202 1666 1232 1730 iu
1252 1684 1303 1729 uuo
1320 1657 1363 1726 llll

342 1752 420 1820 Min.
448 1750 713 1817 Obseruauit).
749 1749 861 1837 ltaque
896 1749 978 1816 inira
1014 1749 1183 1830 Octavam,
1205 1753 1252 1820 cui
1281 1747 1365 1839 propia

343 1838 494 1907 Praelatio
518 1838 613 1915 adsit,
637 1838 705 1905 haec
729 1838 870 1912 dicenda.
888 1845 954 1915 est,
978 1838 1041 1905 nisi
1064 1839 1150 1907 lorte
1177 1843 1292 1927 legatur
1329 1837 1335 1852 “

343 1948 415 2015 quaa
439 1928 604 2014 propriam
628 1927 777 1994 similiter
800 1927 954 2002 obtineat,
978 1936 1048 1993 tum
1065 1930 1184 2016 qnippe
1199 1930 1305 1995 omissa
1395 1999 1398 2008 ⁴

344 2018 464 2084 latione
487 2016 642 2101 temporis
658 2024 691 2080 et
706 2013 845 2091 Octava,
868 2022 998 2101 oportet
1020 2016 1246 2084 Praelationem
1265 2011 1342 2082 sulu'

345 2125 417 2193 quaa
442 2104 546 2169 Missae
569 2111 620 2168 est
642 2104 783 2190 propria.

413 2192 466 2258 la.
490 2191 649 2276 Tempore
672 2190 820 2257 Paschali
856 2210 920 2256 non
952 2190 1071 2257 dicitur
1093 2192 1192 2259 llissa
1222 2191 1259 2259 de
1277 2189 1309 2255 lli

344 2287 564 2370 praeterquam
586 2280 802 2345 ascensionis.
834 2277 931 2345 liubr.
956 2278 1002 2344 tit·
1028 2278 1047 2343 5
1071 2302 1103 2346 o.
1127 2281 1159 2347 6.
1196 2279 1320 2347 Rursum

346 2371 444 2437 datur
466 2368 557 2435 locus
581 2365 692 2436 Ollicio
716 2364 946 2433 llelrmctorum
980 2386 1039 2453 pru
1070 2367 1122 2433 dio
1153 2368 1256 2457 prima
1279 2366 1334 2433 llco

345 2476 450 2543 neque
473 2456 578 2523 Missae
602 2456 810 2522 Conventuali
833 2454 873 2521 do
896 2454 1039 2540 Reque,
1063 2476 1169 2542 noque
1192 2454 1362 2523 commcno'

346 2545 426 2613 tioni
462 2564 522 2630 pro
557 2542 732 2610 Delunctis.
767 2543 960 2609 linimento
986 2543 1045 2629 Off.
1070 2544 1139 2630 llos.
1165 2536 1363 2611 otllulr.ll''

348 2635 432 2700 lico
456 2633 522 2697 ul
550 2641 579 2697 et
601 2632 633 2697 2.
658 2632 871 2698 Nihilominus
895 2650 953 2717 pro
977 2631 1169 2716 particulari
1192 2632 1326 2720 quopiam
1368 2687 1373 2697 .

349 2721 461 2788 iuncto
491 2727 599 2805 potest
633 2720 685 2804 agi
721 2719 986 2785 commemoratio
1015 2738 1074 2805 per
1098 2718 1280 2787 Orationem
1299 2717 1326 2784 ln

348 2818 410 2875 ete.
435 2808 468 2872 in
491 2807 588 2873 llissa
620 2808 759 2873 strictim
784 2808 931 2893 privata,
962 2806 1091 2892 quando
1121 2828 1188 2874 non
1215 2798 1379 2896 prohibent!

349 2895 612 2986 llissaeprivatae
636 2890 830 2981 colloquio.
858 2894 980 2981 Confer.
1004 2897 1148 2983 conposito
1172 2918 1198 2962 c.
1221 2896 1241 2962 8
1263 2918 1290 2960 u.
1309 2892 1348 2958 li.

418 2981 470 3046 75.
495 2979 625 3048 Festum
650 2984 786 3071 alicujus
802 2982 962 3070 Martyris,
980 2983 1065 3067 quod
1086 2983 1205 3050 habeat
1220 2978 1381 3066 Evangelio!

349 3069 529 3156 proprium,
553 3070 633 3135 illul
656 3072 786 3149 retinet,
811 3070 938 3135 etiamsi
954 3070 986 3135 in
1004 3076 1130 3156 tempus
1146 3071 1296 3138 Paschale
1314 3076 1386 3135 tuf·

349 3158 483 3224 feratur.
516 3157 605 3223 Idem
629 3157 680 3225 dic
711 3159 750 3224 de
780 3157 940 3233 lntroitu‚
971 3156 1146 3226 dummodo
1177 3159 1381 3241 simulinpst

351 3248 423 3334 prio
447 3245 532 3312 adsit
555 3246 606 3312 ael
629 3246 837 3331 Euangelium
861 3246 912 3310 vel
935 3245 1098 3331 Epistola3
1123 3255 1157 3312 at
1179 3256 1288 3314 contra
1308 3262 1336 3310 sc
1350 3252 1382 3306 ru

323 3334 460 3412 ‘lrabct
484 3335 512 3400 si
537 3333 691 3401 lntroitus
715 3334 882 3401 dumtaxat
905 3333 1057 3419 proprius
1078 3342 1176 3401 extet.
1207 3336 1239 3402 S.
1264 3334 1296 3401 ll.
1316 3322 1383 3398 Μ

350 3423 430 3490 Νου.
456 3423 541 3489 lusu
565 3423 597 3487 io
623 3422 841 3509 Gortlupiocu.
866 3421 908 3486 od
932 3422 947 3486 l
975 3430 1005 3486 et
1027 3421 1059 3486 2.
1086 3421 1291 3509 Evangelium
1310 3430 1384 3486 oen*

351 3521 405 3576 tur
429 3512 595 3598 proprium
619 3512 652 3575 in
676 3530 773 3576 sensu
796 3509 935 3585 lucreti,
959 3509 1225 3599 quotiescumque
1244 3530 1304 3577 non
1318 3508 1385 3573 situ

349 3599 401 3674 iis,
425 3618 497 3684 quae
520 3600 728 3684 assignantur
750 3598 783 3662 in
801 3597 1042 3673 Communium,
1060 3599 1109 3663 vel
1127 3601 1189 3665 etsi
1205 3599 1244 3666 ‹le
1259 3590 1386 3665 Comnorl

352 3685 591 3772 depromptum,
614 3685 822 3752 nihilominus
847 3692 1011 3770 tamquam
1033 3686 1203 3773 proprium
1224 3684 1317 3754 luerit
1337 3695 1401 3771 pr*-

352 3771 1016 3946 lttttmltltltttllltlltttltt
1037 3764 1392 3949 ltptltlttttll

353 3964 482 4030 qnoque
504 3952 582 4013 tuno
606 3957 757 4015 censetur
779 3947 933 4034 propria,
967 3966 1041 4014 cnm
1072 3949 1207 4016 minimo
1229 3944 1394 4035 conpari

354 4053 392 4099 cx
411 4032 481 4186 {lgis
496 4053 575 4188 tqrff
597 4037 630 4101 in
658 4034 827 4104 Communi
850 4035 1067 4122 assignentur.
1094 4035 1203 4106 Gouol.
1227 4049 1267 4107 to.
1291 4040 1351 4104 5ο.
1367 4024 1392 4095 ll

354 4143 386 4187 o.
477 4140 494 4188 e
576 4171 583 4189 .
