3484 4875
491 520 710 567 rouorrrroucs
727 521 758 566 ru
772 520 862 567 resrl
879 520 1056 567 serrcunnrs
1219 502 1278 569 171

244 662 258 703 ,
284 624 433 691 inciderit
455 625 617 693 Dominica
632 628 704 692 lllll
720 636 793 714 post
815 628 1035 703 Pentecosten,
1056 627 1148 693 istius
1172 629 1300 714 quidem

284 713 392 779 locum
416 716 510 781 babet
535 717 805 794 commemoratio,
827 718 884 784 sed
909 737 971 781 nou
995 717 1062 802 ejus
1086 736 1169 782 nona
1192 717 1300 784 Lectio

283 802 323 867 ad
354 804 564 880 Matutinum;
597 816 782 871 consuetum
811 813 917 870 autem
948 806 1066 888 legitur
1095 806 1299 891 Euangelionr

283 889 316 956 S.
334 892 466 957 loannis
483 895 541 958 sub
558 895 660 959 Missae
684 895 786 959 linem.
804 893 941 979 lluy‘uscc
964 894 1011 958 rei
1033 914 1160 959 cortrone
1174 898 1301 983 pervide

251 987 256 993 “
282 980 338 1043 sub
362 982 412 1045 die
435 982 476 1046 25
500 982 590 1047 Febr.
613 1008 641 1048 1.
666 981 719 1059 XI,
743 994 771 1047 ct
797 984 835 1046 15
861 982 931 1047 Dec.
956 1005 985 1045 1.
1010 984 1035 1047 l.

243 1065 291 1133 19.
314 1106 360 1116 -
383 1069 406 1136 l.
431 1069 559 1148 Quoties
576 1071 718 1137 Cilicium
743 1071 792 1137 Ss.
809 1070 951 1137 lanuarii
976 1079 1007 1135 et
1031 1070 1197 1136 Sociorum
1221 1071 1301 1138 Mar·

262 1165 390 1244 ‚tyrum
414 1162 553 1225 occurrit
576 1161 607 1224 in
632 1161 773 1240 Quatuor
796 1160 975 1245 Tempora,
1004 1160 1108 1243 quoad
1131 1160 1299 1227 Lectiones

281 1247 377 1331 primi
393 1247 555 1324 Nocturni,
573 1250 906 1315 commemorationem
930 1257 961 1312 et
985 1268 1100 1312 nonam
1116 1249 1299 1317 Lectionem

282 1333 383 1399 Feriae
407 1343 479 1412 etc,
495 1338 610 1422 pertice
634 1339 787 1425 quidquid
810 1338 868 1402 sub
892 1336 943 1401 dic
961 1338 1000 1402 16
1017 1336 1111 1423 hujus
1135 1336 1196 1402 nl
1221 1359 1298 1423 prae-

282 1425 440 1509 scriptum
465 1436 523 1490 est.

323 1511 364 1577 11.
388 1512 421 1577 S.
445 1514 614 1580 lanuarias
642 1516 817 1601 Episcopus
841 1522 874 1580 et
895 1515 1015 1601 Martyr
1038 1521 1087 1579 est
1110 1515 1296 1601 principalis

279 1598 438 1667 Patronus
461 1602 560 1685 Regni
584 1605 797 1689 Neapolitaoi;
823 1624 921 1688 quare
945 1603 983 1667 de
1006 1603 1075 1688 ipso
1100 1611 1223 1669 tantum
1243 1605 1299 1670 ibi-

278 1688 352 1754 dem
385 1690 517 1755 aClero
550 1695 695 1758 saeculari
719 1693 862 1758 Officium
894 1692 988 1756 bodie
1021 1691 1201 1757 celebratur
1232 1696 1298 1760 ritu

279 1776 401 1864 duplici
423 1781 534 1865 primae
558 1782 685 1856 classis,
709 1790 740 1847 et
764 1803 835 1847 cum
860 1780 988 1846 Octava.
1013 1780 1179 1845 Lectiones
1203 1784 1298 1868 primi

277 1865 433 1933 Nocturni
456 1879 530 1933 sunt
551 1872 579 1934 A
602 1871 716 1947 Mileto,
741 1870 871 1936 secundi
896 1870 1039 1955 proprie,
1060 1880 1094 1934 ut
1116 1872 1148 1934 in
1172 1872 1296 1936 Brevia·

275 1956 325 2019 rio
351 1956 411 2021 hac
434 1959 501 2043 ipsa
526 1959 585 2035 die,
612 1961 695 2024 tertii
720 1968 754 2025 ut
776 1961 809 2025 in
832 1959 926 2024 Festo
950 1958 982 2022 S.
1006 1958 1161 2024 Barnabae
1186 1960 1223 2024 ll
1243 1959 1297 2025 lu·

275 2045 322 2108 nii
346 2065 419 2109 cum
446 2046 496 2133 RM-
521 2047 559 2111 dc
583 2047 748 2113 Communi
771 2049 863 2113 uanius
887 2047 1044 2133 Martyris.
1071 2047 1196 2122 Missae,
1227 2069 1297 2132 quae

275 2135 408 2219 propria
432 2138 570 2221 suppetit
593 2137 624 2200 11
648 2137 708 2200 fine
731 2136 877 2210 Missalis,
901 2135 1084 2219 adjungitur
1110 2135 1216 2199 Credo.
1242 2136 1298 2201 So·

273 2222 401 2287 ciorum
434 2243 508 2288 vero
543 2225 716 2311 Martyrum
740 2223 884 2288 Officium
919 2220 1110 2286 transfertur
1139 2224 1172 2288 in
1209 2224 1293 2290 diem

275 2312 457 2395 proximam
481 2334 542 2377 non
566 2313 774 2400 impeditam,
807 2334 843 2377 ac
874 2313 1037 2397 peragitur
1061 2312 1123 2375 ritu
1156 2312 1293 2377 semidu-

273 2399 354 2485 plici
375 2399 413 2464 de
430 2400 594 2467 Communi
617 2404 827 2488 plurimorum
850 2402 1025 2487 Martyrum
1048 2399 1187 2465 secundo
1211 2401 1293 2478 loco,

273 2489 334 2552 sed
358 2488 522 2554 Lectiones
547 2494 632 2556 tertii
655 2492 807 2556 Nocturni
832 2497 983 2577 petuntur
1006 2508 1023 2552 c
1046 2488 1205 2553 Breuiario
1229 2490 1289 2555 hac

272 2579 347 2661 ipsa
378 2577 437 2642 die.
462 2580 557 2644 Missa
581 2589 630 2645 cst
651 2581 742 2644 Solus
764 2590 869 2643 111111
901 2579 1021 2662 pariter
1052 2577 1089 2641 de
1114 2577 1289 2644 Communi.

271 2667 306 2730 S.
340 2665 376 2730 R.
413 2666 443 2731 C.
475 2668 518 2732 11.
549 2668 624 2733 Nou.
659 2670 744 2734 tuot
775 2669 807 2731 in
838 2667 976 2732 Burcust'.
1012 2664 1164 2730 Consulite
1198 2667 1290 2731 etium

273 2776 301 2818 c.
327 2754 402 2818 11.
428 2755 480 2821 50.

319 2841 374 2906 111.
399 2841 432 2906 Si
447 2844 539 2909 bodie
555 2844 650 2910 irrerit
666 2845 839 2912 Sabbatum
861 2851 949 2907 extra
968 2841 1110 2921 Quatuor
1126 2844 1293 2930 Tempora,

271 2934 381 2998 locum
407 2932 501 2998 babet
524 2933 599 3019 (ubi
623 2935 751 3000 minime
775 2941 923 2999 occurrat
946 2931 1076 2996 Festum
1101 2932 1215 3019 duplex
1232 2935 1294 3019 pri-

272 3040 337 3086 mae
361 3021 488 3108 classis)
511 3043 594 3087 nono
617 3023 723 3088 Lectio
748 3025 786 3088 de
809 3022 939 3087 bomilia
955 3020 1077 3104 Vigilire
1102 3020 1133 3086 S.
1153 3023 1293 3088 Mattbaei

271 3109 479 3193 anticipata,
511 3113 640 3197 ejusque
665 3111 924 3177 commemoratio
948 3111 1053 3192 agitur
1076 3112 1108 3174 in
1131 3111 1291 3176 Laudibus

270 3207 306 3264 et
330 3196 425 3261 Missa
449 3219 520 3263 cum
545 3203 643 3285 ipsius
666 3201 835 3285 Evangelio
860 3201 892 3263 iu
915 3197 1018 3262 Missae
1042 3199 1124 3274 tine,
1149 3199 1291 3266 achinoe

272 3287 425 3351 dicuntur
448 3288 552 3352 Missae
576 3289 814 3354 Conventualcs
832 3285 961 3352 Attende
984 3296 1130 3350 11111111
1154 3289 1186 3350 in
1210 3287 1292 3350 dictu

270 3374 317 3441 25
342 3373 605 3442 11111111
636 3399 661 3442 c.
686 3380 705 3443 8
729 3401 758 3443 u.
782 3378 802 3441 1
827 3389 855 3440 ct
878 3395 958 3458 seqq.
984 3372 1017 3438 Si
1041 3395 1115 3438 vero
1147 3376 1189 3439 sit
1213 3374 1290 3438 Sab-

270 3465 387 3529 batum
410 3463 551 3542 Quatuor
574 3466 787 3551 Temporum,
812 3471 888 3528 tunc
912 3461 942 3526 id
966 3462 1184 3547 praestandum
1207 3463 1291 3548 quod

272 3551 328 3616 die
351 3555 496 3636 sequenti
519 3574 549 3619 n.
574 3554 587 3618 l
610 3555 810 3620 iudicabitur.

227 3642 282 3708 20.
307 3677 353 3688 —-
374 3640 398 3705 Ι.
424 3641 457 3705 Si
479 3642 573 3706 hodie
596 3663 698 3728 neque
721 3641 884 3707 llomirrica
909 3647 973 3713 cst,
997 3639 1212 3725 nequeunte
1236 3648 1291 3704 aut

271 3728 450 3794 Sabbatum
474 3741 610 3816 quatuor
632 3733 839 3817 Temporum,
863 3731 896 3794 in
921 3726 1029 3795 drucio
1054 3728 1102 3794 Ss.
1127 3728 1290 3793 Eustachii

271 3826 307 3883 et
331 3817 497 3885 Sociorum
514 3821 688 3908 Martyrum
711 3840 794 3885 nona
817 3819 925 3889 Lectio
949 3817 1076 3882 additur
1099 3816 1138 3882 de
1162 3817 1292 3883 bomilia

271 3906 408 3990 Vigiliae,
432 3909 521 3996 cujus
544 3930 657 3997 nempe
680 3906 999 3973 commemoratiolit
1021 3907 1054 3971 11
1077 3906 1236 3972 Laudibus
1260 3917 1292 3971 et

271 3995 370 4060 Missa
394 4017 466 4062 cum
490 3998 557 4083 ejus
579 3998 748 4082 Evangelio
772 3999 811 4062 in‘
828 3995 931 4063 Missae
954 3995 1037 4072 tine,
1061 4003 1092 4060 ct
1116 3995 1185 4061 duae
1209 3995 1290 4061 cele-

270 4085 409 4151 brautur
431 4087 534 4154 Missae
558 4087 797 4164 Conventualos,
814 4085 875 4152 rite
900 4083 1083 4153 ordinanda
1105 4083 1288 4172 prout-cti
