3484 4875
684 515 779 562 error
795 515 815 559 1.
834 514 871 560 ne
887 514 990 564 orceis
1306 499 1345 566 tt

290 626 381 710 piene
399 623 531 710 Fpaotao
554 623 586 688 in
612 620 697 687 diota
714 621 856 698 Fabella,
874 623 1014 689 sumitur
1037 621 1148 689 eadem
1164 623 1272 690 littera
1295 644 1369 710 pro·

288 715 371 779 xima
395 710 482 778 intra
504 710 670 796 Fpaotam,
689 717 723 775 ut
746 709 896 786 diximus,
919 709 965 775 ita
989 729 1116 796 quoquo
1138 713 1170 777 in
1195 730 1280 778 anno
1302 712 1369 779 Bis-

287 801 403 876 sextib,
420 801 451 864 si
474 799 632 864 alterutra
656 796 792 864 duarum
817 798 999 863 litterarum
1018 798 1265 864 Dominioalium
1289 807 1366 866 tuno

286 887 499 961 currentium,
522 904 561 952 ex
577 884 712 951 adverso
735 884 863 971 Epaotae
886 886 1077 971 reperiatur,
1102 886 1266 952 sumendae
1289 896 1366 953 sunt

286 976 358 1041 aliae
382 975 456 1041 duae
480 974 603 1039 similes
619 973 736 1039 titterae
760 973 905 1058 proxime
927 971 1106 1049 interiores,
1123 982 1159 1039 ιιι
1176 973 1273 1039 Festa
1297 994 1365 1039 rno-

285 1062 364 1128 bilia
397 1062 612 1130 inveniantur.
638 1059 701 1125 Sed
733 1062 765 1125 in
797 1062 889 1125 annis
921 1060 1143 1126 bissextilibus
1175 1062 1366 1146 inquirenda

285 1159 362 1217 sunt
384 1150 496 1215 omnia
517 1148 614 1214 Festa
643 1147 774 1214 mobilia
797 1167 856 1233 per
888 1148 1031 1213 litteram
1053 1147 1284 1213 Dominioalem
1308 1169 1364 1235 po·

285 1239 481 1312 steriorem‚
512 1256 584 1321 quae
614 1236 765 1301 nimirum
795 1236 898 1300 currit
927 1243 1001 1320 post
1033 1234 1149 1301 festum
1181 1234 1214 1300 S.
1238 1235 1366 1303 Mathia

284 1325 450 1411 Apostoli3
475 1343 516 1389 ne
539 1323 664 1388 scilieet
687 1323 899 1407 ambigamus,
925 1331 997 1388 utra
1022 1322 1158 1388 duarum
1181 1324 1365 1390 litterarum

285 1433 345 1499 pro
368 1412 433 1478 hoo
465 1418 521 1476 ιιιι
543 1411 600 1476 illo
624 1410 719 1476 Festo
742 1410 924 1493 indagando
948 1411 1134 1496 accipienda
1158 1411 1222 1484 sit;
1246 1412 1292 1476 ita
1316 1420 1362 1478 ta·

285 1520 383 1577 men,
409 1505 447 1565 ut
470 1498 723 1583 Septuagestmae
746 1497 864 1584 etdiei
890 1497 1061 1574 Cinerum,
1094 1499 1230 1564 inventae
1253 1499 1285 1564 in
1309 1498 1362 1565 Ja-

285 1589 401 1655 nuario
426 1595 483 1653 aut
505 1586 704 1662 Februario,
729 1584 867 1652 addatur
891 1605 973 1652 unus
997 1587 1075 1652 dies.
1101 1585 1192 1665 Quod
1216 1586 1287 1651 ideo
1311 1587 1364 1664 lit,
1414 1602 1420 1611 ·

284 1677 361 1763 quia
377 1684 454 1741 ante
479 1674 564 1739 diem
587 1673 619 1740 S.
638 1673 765 1739 Mathia}
788 1674 891 1740 enrrit
907 1675 996 1760 prior
1018 1676 1126 1740 littera
1143 1675 1362 1751 Dominioalis‚

285 1786 358 1851 quae
381 1765 418 1829 in
439 1761 634 1828 Kalendario
657 1763 870 1847 posteriorem
895 1782 1022 1848 semper
1045 1764 1205 1849 sequitur;
1226 1772 1300 1847 post
1322 1762 1366 1829 le·

285 1862 373 1919 stum
390 1859 502 1917 autem
525 1849 557 1915 S.
575 1850 703 1915 Matbiae
726 1851 759 1915 in
783 1850 970 1926 Februario,
988 1852 1062 1915 lieet
1079 1851 1239 1935 posterior
1256 1852 1364 1917 littera

286 1949 420 2016 currat,
445 1938 574 2004 additur
599 1946 703 2003 tamen
730 1945 806 2003 tune
830 1938 899 2003 dies
922 1939 1142 2014 intercalaris,
1167 1940 1211 2003 ita
1234 1947 1270 2003 ιιι
1295 1939 1364 2004 dies

285 2028 329 2093 84
347 2026 518 2093 Februarii
542 2025 670 2090 dicatur
691 2026 746 2101 85,
763 2032 795 2090 ιι
818 2025 887 2090 dies
910 2026 953 2091 85
971 2025 1097 2090 dicatur
1119 2025 1173 2100 86,
1190 2034 1251 2091 ιιι.
1270 2024 1361 2105 Quod

285 2117 314 2181 si
338 2116 409 2182 dies
433 2113 584 2180 Cinerum
608 2113 702 2178 cadat
725 2114 759 2178 in
784 2113 955 2189 Martium,
984 2113 1062 2178 nihil
1086 2113 1267 2179 addendum
1292 2123 1363 2189 est;

284 2204 361 2290 quia
391 2211 470 2268 tuno
494 2209 525 2266 et
549 2202 658 2266 littera
682 2201 842 2285 posterior
876 2202 977 2267 ourrit
1001 2209 1032 2265 et
1056 2200 1124 2265 dies
1147 2201 1266 2266 biensis
1290 2222 1364 2285 pro·

285 2292 366 2378 priis
389 2290 535 2356 numeris
559 2288 765 2374 respondent,
781 2308 855 2353 oum
880 2288 948 2354 dies
970 2289 1172 2353 intercalaris
1189 2288 1364 2354 Februario

285 2381 327 2446 sit
344 2378 491 2446 additus.
508 2375 576 2442 lmo
593 2376 654 2442 nisi
672 2395 729 2462 per
745 2377 959 2462 posteriorem
976 2378 1118 2443 litteram
1133 2376 1363 2460 investigaren-

286 2478 340 2534 tur
352 2467 451 2534 Festa
468 2465 610 2540 mobilia,
626 2464 712 2530 haud
728 2473 838 2550 posset
854 2472 942 2531 reete
959 2465 1057 2530 statui
1071 2464 1313 2548 Septuagesima
1331 2465 1364 2530 in

286 2576 372 2623 anno
387 2553 562 2627 Bissextili,
585 2560 736 2618 currente
758 2553 881 2638 Epaeta
904 2551 1005 2617 XXlV
1027 2552 1078 2616 vel
1094 2551 1189 2626 XXV,
1207 2560 1238 2617 ιι
1255 2553 1364 2619 littera

285 2642 481 2710 Dominioali
492 2640 529 2716 lt,
543 2640 576 2714 8;
590 2647 625 2704 ut
639 2641 670 2705 in
685 2640 827 2706 seeundo
839 2661 877 2706 ao
890 2641 985 2706 tertio
999 2641 1143 2725 exemplo
1157 2641 1363 2724 perspicuum

284 2731 341 2797 liet
362 2751 424 2817 pro
450 2730 542 2796 annis
566 2728 653 2793 4888
679 2737 712 2793 ιι
735 2729 832 2794 8784.
857 2728 1002 2812 Exempli
1026 2729 1139 2811 gratia.
1157 2729 1248 2793 Anno
1272 2727 1360 2795 8886

283 2816 449 2885 Bissextiti
472 2816 594 2902 Fpaota
617 2817 678 2881 erit
701 2816 738 2892 V,
762 2824 795 2882 ιι
811 2818 928 2882 litterae
951 2816 1166 2881 Dominioales
1181 2815 1219 2893 ll,
1237 2815 1271 2880 G.
1289 2815 1362 2884 dam

283 2927 361 2972 vero
379 2908 407 2972 si
425 2925 484 2991 per
499 2905 711 2991 posteriorem
729 2904 971 2988 litteramque
996 2912 1045 2969 est
1063 2902 1098 2979 8,
1115 2903 1210 2968 Festa
1231 2902 1363 2970 mobilia

283 2995 538 3078 investigentur,
561 2994 742 3077 reperietur
765 2991 1011 3076 Septuagesima
1042 2991 1093 3056 die
1118 2992 1155 3056 ll
1184 2990 1361 3058 Februarii.

283 3082 319 3148 Si
344 3090 455 3148 autern
472 3079 610 3146 addatur
634 3100 716 3145 uuus
740 3079 819 3155 dies,
837 3079 931 3144 cadet
955 3078 1197 3163 septuagesima
1222 3080 1253 3143 in
1278 3078 1362 3144 diem

284 3170 328 3235 48
352 3169 449 3235 Febr.
474 3187 545 3254 quae
569 3175 619 3232 est
640 3167 817 3242 Dominiea,
847 3175 880 3232 ιι
904 3167 972 3232 dies
988 3166 1137 3233 Cinaram
1161 3167 1194 3231 in
1218 3164 1301 3230 diem
1320 3167 1362 3233 88

281 3256 380 3324 Febr.
405 3275 477 3342 quaa
501 3262 550 3320 est
573 3253 665 3320 Faria
688 3253 740 3319 IV.
764 3254 889 3320 Pasoha
913 3262 1021 3320 autem
1057 3261 1090 3319 et
1119 3254 1242 3337 reliqua
1267 3253 1362 3319 Festa

282 3347 317 3411 in
341 3364 399 3411 eos
430 3343 498 3409 dies
523 3342 660 3418 eadent,
691 3343 745 3427 qui
776 3343 809 3407 in
839 3342 971 3409 Fabella
1000 3347 1142 3426 expressi
1173 3348 1257 3405 sunt.
1283 3341 1364 3406 Item

284 3454 370 3500 anno
393 3431 481 3498 4888
505 3431 666 3495 bissextili
689 3430 809 3516 Epaota
833 3431 895 3496 erit
917 3429 1033 3504 XXlV,
1058 3436 1091 3492 ιι
1113 3429 1230 3493 litterae
1254 3427 1362 3492 Domi·

283 3522 408 3588 nicales
432 3519 469 3595 D,
487 3519 520 3583 8.
539 3515 644 3596 Quare
668 3519 695 3582 si
718 3537 777 3602 per
800 3518 943 3583 litteram
967 3516 999 3592 8,
1025 3536 1095 3600 quae
1120 3516 1280 3599 posterior
1303 3524 1363 3592 est,

284 3609 494 3696 inquirantur
524 3605 618 3670 Festa
647 3605 801 3681 mobilia,
834 3605 1014 3670 invenietur
1037 3603 1280 3688 septuagesima
1313 3602 1364 3667 die

286 3697 324 3762 84
345 3695 453 3770 Febr,
472 3700 503 3759 et
526 3693 553 3757 si
578 3692 716 3758 addatur
737 3711 818 3757 unus
836 3692 915 3768 dies,
933 3692 1026 3757 cadet
1042 3692 1073 3755 in
1098 3691 1182 3755 diem
1210 3690 1252 3754 88
1269 3689 1363 3756 Febr.

287 3805 357 3870 quaa
383 3790 434 3848 est
460 3779 633 3846 [lominica.
651 3779 725 3844 Dies
742 3789 850 3845 autem
867 3779 1017 3845 Cinerum
1034 3779 1153 3844 incidet
1169 3779 1201 3841 in
1220 3777 1303 3842 diem
1322 3778 1364 3842 tu

286 3871 414 3944 llartii3
439 3870 549 3954 itaque
572 3868 651 3932 nihil
675 3866 816 3944 additur,
841 3874 902 3932 eto.
928 3868 1052 3932 liursus
1077 3886 1159 3932 anno
1185 3865 1271 3929 5784
1293 3864 1362 3928 Bis-

287 3960 392 4025 sextili
409 3957 533 4043 Epaota
556 3956 617 4020 erit
634 3954 729 4030 XXV,
747 3964 779 4020 ιι
802 3955 919 4020 litterae
936 3954 1150 4020 Dominieales
1174 3951 1210 4028 n,
1229 3953 1261 4016 8.
1279 3949 1364 4035 Ergo

289 4048 405 4115 iterum
429 4065 490 4132 per
512 4043 726 4132 posteriorem
743 4041 765 4108 8
780 4043 962 4130 reperietur
985 4040 1230 4129 septuagesima
1254 4038 1304 4104 die
1320 4039 1360 4104 84
