3484 4875
581 390 670 436 raom
688 390 786 436 araon
803 390 983 438 uoraarmmr
1226 372 1291 439 489

266 500 314 568 mi
338 496 481 567 necdum
504 498 638 564 recitata
661 498 725 574 sit,
748 497 824 564 ibid.
849 519 880 564 ιι.
904 498 957 566 111.
982 495 1062 578 Quid
1085 498 1314 584 praestandum,

244 589 316 658 *lsi
332 588 456 674 Vigilia
472 584 505 653 S.
522 586 648 653 blathiae
663 586 783 653 incidat
798 586 830 653 in
846 585 959 653 leriam
975 588 1103 654 tertiam
1119 594 1191 673 post
1205 586 1313 653 Domi·

261 678 400 746 'nicam
424 674 711 761 Quinquagesimae,
735 675 842 741 adnot.
866 675 910 741 al
933 676 1025 743 Febr.
1043 697 1073 742 n.
1089 675 1142 741 ΙΙΙ.
1161 674 1265 756 Quare
1280 676 1313 743 iu

278 763 409 852 vigilia
431 765 636 831 Pentecostes
660 763 700 830 ad
724 764 939 848 lluangeliumr
961 786 1024 831 non
1056 764 1239 832 deierantur
1262 764 1311 831 lu·

281 854 439 930 minaria,
462 873 564 939 neque
588 854 741 919 recitetur
759 852 868 929 Credo,
891 872 962 939 pag.
988 854 1047 920 tul
1074 853 1106 919 in
1130 862 1215 920 nota.
1232 851 1311 919 Aliae

263 941 416 1028 ··Vigiliae
439 942 604 1007 rideantur
628 942 729 1028 pridie
753 941 940 1007 earumdum
963 942 1141 1009 Festorum.

238 1017 433 1100 Vincentius
456 1029 513 1117 (S.)
533 1031 572 1096 bl.
589 1030 715 1116 quando
739 1030 952 1117 sejungendus
975 1040 1059 1098 esta
1082 1030 1114 1098 S.
1133 1031 1312 1108 Anastasio,

282 1119 403 1187 adnot.
427 1119 469 1184 bb
493 1118 563 1184 Jan.
589 1140 619 1185 n.
644 1118 682 1184 ll.

238 1199 398 1280 visitatio
420 1207 454 1273 B.
473 1207 511 1273 ll.
528 1208 564 1273 V.
582 1215 631 1273 est
654 1206 845 1274 celebranda
868 1208 900 1273 in
926 1214 991 1274 tota
1015 1209 1157 1275 Ecclesia
1175 1208 1233 1274 sub
1250 1207 1315 1274 ritu

281 1298 367 1384 dup.
387 1296 534 1361 secundm
551 1297 674 1371 classis,
690 1296 797 1361 adnot.
814 1297 834 1361 b
850 1295 913 1362 dul.
931 1317 960 1362 n.
975 1296 998 1362 Ι.
1012 1296 1104 1377 Quid,
1121 1297 1149 1362 si
1164 1303 1315 1362 occurrat

280 1386 340 1453 vel
366 1392 536 1451 concurrat
560 1406 633 1452 cum
657 1384 750 1450 Festo
774 1385 1000 1451 Pretiosissimi
1025 1385 1213 1469 Sanguinis,
1236 1383 1313 1450 ibid.

281 1496 321 1542 n.
339 1473 381 1540 ll.
398 1472 479 1553 Quid
503 1474 678 1540 notandum
702 1473 755 1542 ubi
778 1472 874 1539 babet
889 1470 1051 1549 Octavam,
1067 1473 1145 1541 ibid.
1161 1494 1192 1539 ιι.
1209 1472 1263 1539 lll.
1281 1472 1316 1538 Si

283 1560 508 1631 transferatur
523 1564 555 1628 in
572 1561 655 1628 diem
679 1571 839 1628 carentem
863 1582 947 1627 nona
963 1563 1111 1629 Lectione
1128 1561 1167 1628 de
1183 1562 1315 1628 bomilia

283 1661 367 1728 etc,
391 1651 520 1717 ubinam
544 1651 659 1717 desinit
682 1659 792 1717 octava
815 1651 902 1716 illius
925 1651 1044 1730 lectio,
1067 1650 1142 1717 ibid.
1166 1672 1196 1717 n.
1221 1650 1272 1717 lV.

238 1742 364 1810 Vitalis
388 1749 420 1805 et
442 1740 590 1825 Agricola
614 1739 698 1828 (Se).
716 1735 753 1805 ln
775 1739 935 1806 Laudibus
959 1762 1017 1827 pro
1041 1762 1152 1808 eorum
1176 1759 1314 1806 comme·

286 1829 472 1898 moratione
504 1829 672 1895 adhibetur
694 1829 722 1911 i·
745 1828 892 1895 Exulteut
922 1850 959 1895 cx
991 1832 1143 1918 peculiari
1167 1829 1315 1896 Rubrium

291 1918 515 2005 dispositione,
540 1917 647 1983 adnot.
672 1917 692 1981 d
715 1917 792 1982 Nov.

240 2007 341 2077 Vltus
366 2005 424 2093 (S.)
449 2006 500 2071 ubi
525 2012 573 2072 est
596 2006 782 2092 principalis
805 2004 963 2071 Patronus
985 2006 1035 2071 vel
1051 2005 1214 2080 Titularis,
1239 2023 1314 2089 quo·

289 2094 390 2164 modo
415 2093 626 2161 ordinandum
642 2093 710 2180 ejus
726 2091 872 2158 Officium
889 2102 920 2159 et
936 2094 1040 2169 lllissa,
1058 2093 1164 2160 adnot.
1184 2093 1224 2159 l5
1242 2092 1315 2159 dun.

238 2186 366 2253 Votiva
388 2182 494 2259 Missa,
518 2184 588 2249 vide
611 2182 703 2249 Misso
727 2182 836 2247 octiou.

239 2276 365 2343 Votiva
388 2273 584 2349 solemnitas,
608 2272 678 2338 vide
700 2270 792 2337 Festo
816 2270 915 2337 votivo
939 2278 971 2336 ct
992 2268 1186 2357 solemnitor.

766 2447 814 2522 X

242 2631 376 2719 Xystus
399 2623 456 2714 (S.)
480 2626 533 2712 qui
550 2626 582 2692 in
599 2624 725 2692 Ganone
747 2626 850 2692 blissae
874 2626 1066 2702 nominatur,
1082 2633 1190 2692 utrum
1206 2625 1249 2690 sit
1263 2623 1319 2691 illc

295 2715 391 2874 eArujus
422 2716 682 2870 corffrlmemoratio
714 2716 819 2800 agitur
849 2714 900 2782 dic
931 2713 950 2782 6
981 2715 1135 2801 Augusti,
1165 2711 1317 2781 adnotti

337 2823 388 2890 ug.
413 2824 444 2870 ιι.
499 2855 506 2870 .

734 3121 839 3188 FlNlS

692 3436 785 3482 LAUS
815 3437 902 3484 obe.

522 3565 818 3612 immacculata
851 3565 1053 3610 DleARAE

661 3693 688 3737 B.
712 3691 739 3736 P.
763 3690 922 3736 raabclsco

577 3805 819 3858 omittatisoub
848 3803 1006 3850 SANCTlS
