3484 4875
341 486 406 554 202
579 505 800 553 nononnrnonss
816 505 1128 553 nurusnnrrcnnamn

365 622 460 700 ptum,
481 611 527 679 tit.
550 612 635 678 XVII
658 633 689 678 ιι.
714 613 744 678 5.
760 613 791 679 S.
810 611 845 679 Ii.
865 612 897 679 G.
916 611 958 676 25
975 611 1049 678 Ino.
1067 610 1152 678 1756
1167 606 1318 676 indimida

364 702 407 767 od
429 701 481 767 52.
505 700 596 781 Quod
619 702 703 768 siin
726 721 802 768 casu
825 700 1011 789 supradicto
1034 699 1151 785 Vigiiia
1173 697 1314 765 oocumt‘

364 792 433 858 mul
456 810 530 858 cum
552 791 658 877 aliqua
681 809 718 856 en
741 789 883 877 praeiatis
903 790 1015 867 Feriis,
1032 796 1110 855 tunc
1126 790 1158 855 in
1173 786 1267 855 Officio

364 879 472 945 Lectio
495 886 528 945 et
550 880 810 946 commemoratio
834 886 929 945 erunt
960 878 1000 943 de
1030 876 1136 954 Feria‚
1166 897 1203 943 ac
1228 875 1289 943 nihil

364 968 480 1053 vigilia
502 968 565 1034 iict.
588 969 630 1034 at
652 968 747 1033 Missa
770 966 987 1034 celebrabitur
1010 966 1050 1032 de
1079 965 1173 1033 Feria
1195 964 1292 1032 cumi

363 1058 487 1123 ratione
510 1054 657 1133 Octava,
681 1056 700 1121 5
722 1056 867 1141 vigiliae,
892 1063 952 1123 etc.
985 1063 1022 1122 ut
1052 1074 1169 1142 supra,
1198 1054 1276 1121 etin

364 1153 552 1212 consuetum
573 1147 697 1230 legetur
718 1144 925 1232 Fvangclium
948 1142 981 1209 S.
1004 1142 1148 1210 Joannis.
1171 1142 1207 1210 ln
1227 1140 1287 1208 Feci

365 1243 471 1301 autem
494 1233 736 1300 Cathedraiibus
759 1240 820 1299 eto.
838 1234 920 1300 binae
942 1233 1047 1298 Missae
1070 1232 1284 1299 Conventuales

365 1324 450 1390 nime
480 1324 730 1410 praecipiuntur,
761 1321 904 1389 seduna
936 1322 1101 1387 dumtaxat
1125 1321 1165 1386 de
1186 1320 1285 1405 Vigilia

365 1411 458 1478 Feria
481 1422 517 1479 ut
538 1431 645 1498 supra.
672 1410 775 1477 Gonni.
793 1421 833 1476 to.
856 1412 878 1476 i
901 1433 927 1477 c.
946 1412 987 1476 15
1010 1410 1040 1475 d.
1059 1410 1077 1474 5
1095 1433 1127 1476 n.
1145 1409 1174 1475 5.
1192 1407 1300 1490 Quodn

364 1500 405 1567 ad
428 1520 537 1567 casum
560 1507 684 1587 spectat
705 1500 938 1586 posteriorem,
963 1498 1002 1565 de
1024 1497 1121 1565 Feria
1141 1497 1284 1584 agendum

364 1609 437 1655 cum
460 1590 761 1655 commemoratione
784 1588 910 1655 Octava
934 1596 965 1655 ct
986 1587 1123 1673 vigilia,
1147 1597 1207 1654 ete.
1229 1594 1260 1653 ut
1277 1603 1304 1671 pa

369 1685 443 1744 ante
467 1677 631 1743 ediximus.
760 1675 762 1680 ’

409 1765 489 1831 VIII.
514 1765 549 1831 Si
572 1765 685 1851 Vigilia
708 1765 886 1831 communis
917 1764 1037 1831 incidat
1059 1765 1092 1830 in
1115 1763 1244 1832 Festum
1262 1760 1292 1828 dn

365 1854 478 1940 prima
500 1856 623 1931 elassis,
640 1854 718 1920 nihil
740 1873 873 1941 prorsus
896 1853 931 1919 fit
947 1854 985 1920 de
1008 1873 1046 1919 ca
1069 1874 1129 1920 nec
1146 1854 1178 1919 in
1193 1852 1287 1919 Officio

366 1943 399 2007 in
415 1943 522 2009 Missa.
538 1943 633 2008 noar.
649 1942 739 2009 Boeo.
757 1941 802 2008 tit.
820 1943 839 2008 6
855 1943 919 2009 aad
936 1954 965 2008 et
980 1941 1095 2008 Missol.
1113 1945 1159 2009 tit.
1176 1942 1195 2007 5
1212 1964 1239 2008 o.
1250 1940 1276 2006 I.

365 2039 497 2186 propper
519 2032 552 2186 pp
574 2031 724 2185 Fopilesiis
737 2031 992 2185 (plathedpaipbus
1004 2038 1076 2185 Oete.
1089 2051 1166 2185 lnoln
1188 2038 1273 2185 cipupit
1289 2114 1336 2181 h

389 2140 446 2186 ran
470 2141 496 2186 ae
542 2141 589 2187 uae
642 2141 714 2186 issae
762 2139 978 2186 onvenuaes.
1027 2141 1108 2185 ooo.
1146 2141 1228 2185 .c.
1267 2168 1274 2183 .

367 2209 421 2275 15.
438 2208 598 2296 Jejunium
621 2219 737 2286 tannen,
754 2210 780 2274 si
797 2208 911 2293 VIgilia
928 2209 988 2274 sibi
1004 2208 1164 2275 adnexum
1179 2208 1336 2280 haheatrtt

365 2307 488 2375 cessat,
518 2320 578 2366 nec
600 2298 766 2384 anticipari
789 2298 865 2364 Iioct
889 2298 956 2364 sine
979 2298 1166 2384 Apostolico
1188 2287 1333 2363 locunt

367 2387 404 2454 R.
431 2386 463 2453 0.
488 2389 505 2454 7
530 2389 614 2476 Sept.
640 2387 724 2454 1816
747 2387 780 2452 t'o
806 2386 934 2452 Todeot.
959 2386 1001 2452 ad
1022 2386 1076 2453 45.

411 2475 463 2543 tx.
488 2478 522 2543 Si
545 2477 659 2561 Vigilia
682 2477 859 2543 eommunis
876 2482 1026 2542 occurrat
1048 2475 1080 2541 in
1103 2468 1336 2550 dominicatu

367 2563 513 2633 Officium
543 2567 649 2651 agitur
671 2567 704 2632 in
727 2565 889 2643 Sabbato‚
921 2564 1007 2651 quod
1038 2564 1169 2630 minime
1193 2559 1336 2651 impediti!

368 2652 477 2720 Officio
494 2675 605 2721 novem
622 2655 823 2729 Lectionum;
848 2663 916 2719 tum
938 2655 1054 2740 quippe
1078 2652 1117 2719 de
1132 2653 1247 2737 Vigilia
1266 2646 1336 2734 to'p‘tr

369 2750 492 2808 tantum
516 2745 535 2810 9
560 2743 677 2821 Lectio,
694 2764 731 2810 ac
753 2742 789 2808 iit
812 2742 1072 2808 commemoratio
1096 2743 1130 2807 in
1150 2741 1186 2810 L.
1203 2749 1237 2807 et
1256 2739 1336 2806 II!

369 2830 512 2916 ejusdem
545 2831 715 2916 Evangelio
749 2833 781 2897 in
804 2830 876 2897 tine.
901 2831 996 2896 poor.
1020 2831 1110 2896 Boeo.
1136 2830 1227 2896 titt
1260 2822 1333 2893 ott

367 2918 484 2985 Missol.
518 2920 561 2984 ot.
595 2921 614 2985 5
637 2944 668 2987 o.
697 2921 727 2986 5.
759 2919 793 2985 Si
822 2918 997 2986 Sabbatum
1025 2919 1106 2984 illud
1129 2916 1241 2987 Oilicio
1269 2906 1336 3001 d*

369 3007 481 3093 primae
505 3009 617 3074 otassis
640 3008 827 3095 impeditum
850 3009 913 3085 sit,
945 3008 1051 3074 recole
1075 3029 1105 3074 ιι.
1130 3007 1336 3092 procedente:

369 3096 397 3160 si
414 3092 522 3162 Officio
547 3097 608 3162 dici
631 3096 713 3163 inira
734 3096 896 3173 Octavam,
913 3097 984 3162 vide
1006 3098 1153 3184 superius
1178 3117 1209 3162 n.
1228 3089 1336 3161 vlita

367 3183 484 3269 Vigiiia
506 3205 564 3272 per
586 3185 715 3252 Festum
738 3185 856 3273 duplex
880 3186 992 3271 primae
1015 3186 1128 3251 classis
1151 3178 1336 3272 perpetratu

367 3273 507 3362 peditur,
523 3275 551 3340 si
575 3274 700 3362 quando
725 3284 830 3341 tamen
853 3273 985 3340 Festum
1007 3274 1068 3340 hoc
1090 3272 1215 3339 incidat
1238 3270 1336 3339 innon

368 3363 497 3440 nicam,
529 3371 656 3451 oportet
677 3364 800 3448 vigiliae
823 3360 968 3429 Officium
990 3364 1040 3429 vel
1063 3362 1132 3449 ejus
1156 3371 1336 3428 commemor

369 3454 489 3519 tionem
512 3462 574 3519 etc.
590 3462 626 3519 ut
642 3473 749 3539 supra,
766 3453 798 3517 iu
814 3450 954 3518 Sabbato
978 3451 1156 3538 anticipari.
1175 3450 1271 3517 Itobr.
1283 3464 1336 3539 pett

368 3539 1100 3609 1115θίθαυα1.1ο.ῗο.15ἀ.6ιι.17.

412 3630 452 3696 X.
476 3630 511 3697 Si
525 3631 640 3715 Vigilia
660 3629 838 3698 communis
855 3637 1005 3696 occurrat
1020 3630 1053 3694 in
1070 3628 1228 3704 Adventu,
1244 3624 1336 3695 Officio

371 3716 411 3782 de
433 3717 525 3785 Feria
549 3717 710 3785 Adventus
733 3726 868 3805 agetur,
893 3727 925 3784 et
947 3719 980 3784 in
1004 3719 1073 3804 ipso
1097 3716 1179 3784 nihil
1202 3717 1242 3783 da
1265 3711 1336 3800 vigit

369 3804 466 3872 Robr.
484 3810 528 3874 tit.
546 3807 566 3874 6
588 3831 618 3874 a.
635 3808 667 3874 2.
684 3807 779 3874 Missa
803 3814 910 3874 tamen
935 3805 1037 3894 (extra
1060 3804 1206 3886 Quatuor
1222 3806 1296 3872 I'em

371 3893 490 3976 legitur
511 3895 550 3961 de
571 3896 686 3981 vigilia
713 3916 786 3964 cum
808 3896 1112 3962 commemoratione
1139 3902 1267 3962 tantum
1309 3908 1336 3958 et

366 3982 541 4072 ddventus.
566 3983 659 4051 Robr.
683 3985 733 4052 tit·
753 3985 772 4050 5
795 4007 825 4052 o.
842 3984 874 4052 1.
898 3984 1006 4051 Tertia
1029 3983 1139 4051 Oratio
1162 3993 1214 4051 est
1230 3983 1336 4065 neon

368 4070 407 4138 dc
428 4070 465 4140 11.
487 4071 531 4140 M.
553 4071 588 4141 V.
609 4081 709 4153 atero,
731 4074 789 4142 sed
810 4074 839 4142 si
861 4073 975 4160 Vigiiia
997 4073 1094 4143 inerit
1108 4073 1143 4141 tt.
1160 4073 1203 4162 nt.
1225 4071 1273 4150 tt,
1290 4086 1336 4154 n!
