3484 4875
479 496 616 545 norsum
633 496 732 550 cuono
748 498 843 543 orric.
861 497 888 543 s.
905 497 1005 543 uanis
1021 496 1052 542 m
1069 498 1198 544 sancire
1289 482 1354 547 itt

358 606 391 672 4.
418 602 566 671 Officium
589 604 650 671 hoe
674 604 785 690 incipit
807 603 900 669 Feria
924 611 1030 680 sexta,
1054 606 1156 671 instar
1188 606 1273 672 Festi
1297 610 1374 676 sim·

321 692 436 770 licis‚a
461 692 620 779 Capitulo,
644 713 681 758 ac
705 691 822 758 desinit
845 692 886 758 ad
909 692 1033 758 Nonam
1056 690 1198 760 Sabbati.
1216 694 1249 759 Si
1268 705 1376 763 autem

321 780 389 847 *cria
412 790 503 848 sexta
527 789 677 847 occurrat
700 778 846 846 Officium
870 800 984 846 novem
1002 780 1198 858 Lectionum,
1215 782 1248 847 B.
1267 784 1376 851 Mariae

321 870 405 953 igitur
428 870 461 935 in
485 867 636 955 Vesperis
661 868 827 935 dumtaxat
850 871 1125 946 commemoratio,
1149 872 1210 935 nisi
1231 869 1378 939 Oiiieium

322 956 378 1023 llud
403 956 442 1023 de
466 956 580 1023 eadem
603 956 638 1021 Β.
659 957 759 1022 llaria
782 957 834 1031 sit,
859 959 933 1042 quia
958 964 1033 1022 tunc
1058 960 1176 1042 quaevis
1205 958 1272 1046 ejus
1290 980 1376 1025 eom·

321 1047 490 1111 memoratio
521 1044 606 1110 ioret
638 1045 925 1130 praetermittenda.
958 1044 1054 1111 Rubr.
1088 1046 1108 1110 l.
1133 1068 1158 1112 c.
1183 1070 1212 1112 o.
1243 1048 1272 1112 5.
1298 1046 1379 1114 Item

321 1131 344 1198 l.
360 1133 466 1199 liariae
490 1134 788 1199 commemorationi
813 1132 903 1198 locus
927 1134 1022 1218 plane
1054 1132 1154 1209 deest,
1178 1136 1206 1200 si
1234 1132 1378 1201 Officium

321 1222 485 1306 precedens
509 1219 607 1287 luerit
631 1220 748 1307 duplex
773 1221 885 1306 prime
910 1221 1035 1286 classis.

372 1311 399 1376 5.
423 1310 472 1376 Ad
496 1309 709 1385 Matutinum,
734 1318 806 1395 post
829 1308 1051 1374 invitatorium
1084 1318 1114 1375 et
1146 1309 1306 1397 Hymuum
1339 1310 1379 1377 de

323 1393 346 1461 S.
362 1396 468 1474 Maria,
492 1397 611 1463 dicitur
633 1398 833 1463 Nocturnum
857 1395 990 1462 Sabbati
1013 1406 1045 1463 ut
1072 1397 1103 1462 in
1135 1397 1293 1464 Psalterio
1318 1397 1378 1485 (in

323 1486 545 1567 proemittitur
569 1506 642 1551 cum
666 1485 848 1571 Antiplnona
872 1484 1020 1551 Psalmus
1042 1486 1188 1561 decollate,
1206 1507 1243 1551 ac
1260 1486 1377 1553 substi-

324 1578 434 1639 tuuntur
457 1574 639 1660 dntiphona
661 1583 693 1637 et
709 1574 855 1638 Psalmus
879 1572 1083 1661 Romanurn),
1107 1574 1134 1656 pi.
1153 1573 1191 1639 de
1215 1573 1247 1639 S.
1266 1574 1376 1650 illaria,
1442 1581 1446 1588 '

326 1658 420 1728 lete
444 1662 552 1727 Lectio
577 1683 615 1727 ex
639 1661 807 1747 Scriptura
825 1662 863 1726 de
883 1669 1026 1747 tempore
1043 1670 1254 1737 occurrente3
1280 1664 1298 1727 5
1324 1683 1379 1729 au-

326 1754 372 1815 tem
392 1750 498 1816 Lectio
523 1771 561 1815 ac
585 1758 692 1816 cetera
715 1749 840 1824 omnia,
866 1757 931 1813 tarn
956 1752 988 1815 in
1020 1751 1193 1827 Matutino,
1218 1771 1314 1836 quam
1347 1753 1379 1817 in

326 1832 463 1905 Laudibus
486 1848 519 1904 et
542 1838 649 1913 Horis,
671 1859 709 1903 ex
732 1836 843 1903 Officio
867 1847 1039 1904 sumuntur
1063 1839 1095 1904 S.
1113 1838 1221 1905 Mariae
1246 1841 1277 1904 in
1302 1838 1380 1905 Sal-

327 1919 391 1990 ltto.
413 1926 508 1992 Rubr.
534 1926 553 1992 l.
579 1949 604 1992 c.
629 1950 659 1991 a.
684 1927 715 1991 l.
743 1926 854 2012 Confer
883 1926 977 1991 eliam
1010 1926 1145 1992 crolando
1177 1928 1232 1993 sub
1264 1928 1313 1992 dic
1339 1929 1379 1993 ld

328 2010 421 2099 Aprilis
443 2039 472 2079 n.
498 2014 557 2080 ΙΙΙ.

376 2102 401 2167 6.
423 2102 580 2168 Dicuntur
603 2122 715 2188 preces
747 2101 962 2168 Dominicales
995 2102 1034 2167 ad
1065 2102 1205 2168 Primam
1232 2111 1264 2168 et
1287 2102 1378 2167 Coun·
1492 2153 1496 2160 .

329 2184 485 2270 pletorium,
510 2189 669 2275 Suffragia
693 2190 773 2256 liunt
797 2199 951 2256 consueta
975 2190 1014 2255 de
1037 2191 1200 2275 Apostolis
1224 2198 1256 2254 et
1279 2190 1379 2263 Pace;

329 2278 446 2361 tenpore
470 2287 578 2345 autem
600 2278 747 2344 Pasclnali
765 2279 834 2343 sola
850 2279 956 2362 agitur
974 2278 1236 2343 commemoratio
1253 2276 1376 2344 Crucis.

330 2358 385 2429 Post
404 2367 526 2432 Nonam
551 2366 590 2432 de
612 2366 647 2432 B.
672 2367 770 2431 llario
794 2366 872 2430 nihil
891 2366 974 2431 ultra
992 2366 1037 2441 fit,
1055 2366 1115 2431 nisi
1133 2373 1284 2431 consueta
1309 2365 1378 2452 ejus

330 2456 565 2548 conmemoratio
583 2475 656 2521 cum
673 2456 744 2521 aliis
761 2453 939 2538 SuliragiiS,
956 2454 1083 2540 quando
1101 2475 1137 2520 en
1152 2453 1284 2521 dicenda
1304 2464 1379 2520 sunt

330 2555 353 2602 tu
370 2541 469 2610 Officio
495 2544 534 2612 de
558 2543 733 2610 [toronica.
760 2542 854 2609 liobe.
880 2542 899 2608 l.
925 2565 951 2608 c.
975 2566 1005 2609 a.
1030 2543 1058 2607 5.
