3484 4875
368 481 434 551 iil
697 499 791 549 curun
807 500 848 549 m.
866 499 904 547 nn
919 495 1082 547 conusens

345 608 455 674 eandm
475 614 551 675 sunt
573 607 670 675 etiam
692 608 724 673 iu
748 606 901 674 Eccleriis
923 604 1147 691 Regularium,
1165 603 1300 691 aliisque
1318 617 1393 667 areu·
1442 587 1447 642 ·'

345 695 409 779 ptis
444 694 501 783 (S.
526 696 562 761 li.
592 696 624 761 Ο.
649 695 687 760 ot
722 695 816 762 Mart.
850 694 932 760 tuat
968 694 1060 759 θεον.
1084 690 1245 780 persor.),·
1267 698 1299 757 et
1318 689 1396 755 locun

345 782 463 848 habeut
484 791 557 868 post
573 782 741 849 Orationes
758 802 777 848 a
793 782 942 847 Rubricis
957 782 1183 868 proscriptas,
1199 795 1322 846 necnon
1332 777 1397 864 jun

344 869 490 936 ordinem
513 870 688 955 diguitatis.
714 868 929 949 Quamobrem
952 870 980 934 si
1003 868 1089 934 binae
1105 887 1156 934 ex.
1176 886 1226 952 gr.
1241 866 1336 953 jussa
1349 862 1395 929 lue

345 956 412 1022 rint
434 956 594 1033 collecta,
618 959 721 1023 altera
744 957 784 1023 ad
807 956 979 1044 petendam
1002 956 1159 1042 pluviam,
1176 957 1349 1040 alterapro
1365 969 1396 1017 re

346 1045 497 1111 missione
521 1054 738 1131 pcccatorum,
763 1045 831 1111 bac
855 1046 994 1131 primum
1007 1045 1124 1109 'locum
1143 1043 1284 1118 obtinet,
1299 1043 1363 1107 licet
1377 1038 1398 1106 iu

346 1131 466 1198 llissali
490 1134 533 1198 sit
555 1133 666 1200 ordine
689 1134 873 1218 posterior;
898 1134 972 1218 quia
989 1132 1143 1197 nimirum
1163 1130 1287 1197 bunum
1302 1128 1398 1200 anino,

345 1227 457 1306 utpote
480 1220 617 1305 dignius,
636 1222 803 1306 temporali
827 1220 912 1285 bono
934 1220 1030 1303 longe
1051 1227 1102 1284 εει
1117 1211 1400 1304 praeferendum&

345 1325 420 1373 vero
437 1308 577 1374 Oollecta
594 1311 636 1373 sit
653 1308 766 1374 eadam
782 1317 878 1393 atquc
890 1306 1000 1373 Oratio
1018 1326 1036 1371 a
1053 1305 1208 1391 Rubricis
1225 1304 1400 1392 proscripa.

344 1412 373 1460 v.
398 1415 447 1480 gr.
471 1404 607 1481 utraque
630 1398 673 1461 sit
688 1397 771 1461 Deus
787 1397 842 1481 qui
857 1395 953 1460 cordo
969 1393 1129 1459 Fidelium
1147 1392 1189 1458 de
1206 1392 1330 1480 Spiritu
1348 1407 1401 1456 set·

345 1487 408 1559 cto,
427 1492 501 1549 tune
517 1489 658 1569 priorem
674 1503 755 1570 opus
773 1492 821 1549 est
839 1481 1043 1569 praetermitti
1055 1480 1141 1633 puisi
1162 1481 1229 1546 alia
1246 1493 1402 1563 congruens

344 1569 377 1635 in
396 1580 552 1722 promptu
575 1573 627 1647 sit,
651 1580 685 1637 ut
709 1591 783 1637 mox
806 1568 975 1657 dicetur);·
989 1588 1052 1655 quo
1098 1567 1235 1634 minime
1260 1564 1401 1649 contingit,

345 1657 374 1721 si
419 1659 531 1724 iversis
553 1660 751 1744 exprimatur
774 1658 891 1732 verbis,
915 1658 1059 1743 quamvis
1083 1663 1234 1721 versetur
1257 1656 1291 1721 in
1313 1652 1403 1719 eoden

345 1744 471 1831 objecto
494 1765 550 1810 seu
575 1746 735 1833 llysterio.
761 1744 964 1830 Quapropter
979 1745 1012 1809 in
1029 1743 1124 1808 mssa
1141 1741 1203 1809 SS.
1219 1742 1333 1808 Eur-dis
1345 1740 1403 1805 lem

343 1832 475 1898 recitari
498 1831 546 1897 las
570 1843 619 1898 est
642 1834 818 1900 Collectam
841 1832 880 1898 de
897 1831 954 1897 SS.
972 1830 1196 1897 Sacramenta.
1213 1829 1247 1896 8.
1273 1828 1309 1895 Β.
1327 1823 1403 1893 ult

288 1971 291 1976 .
344 1918 422 2004 dluj.
448 1919 530 1985 tuti
558 1920 590 1983 io
611 1920 804 1986 Mecblinien.
829 1920 871 1985 ud
893 1919 925 1983 E.
949 1917 985 1985 ln
1018 1915 1227 1983 Orationibus
1261 1917 1344 1982 enim
1361 1930 1405 1979 set

345 2005 507 2082 Collectis,
531 2027 611 2092 quas
635 2008 773 2075 Rubricu
796 2028 859 2072 non
878 2006 1040 2092 precipit,
1058 2004 1143 2070 baud
1161 2023 1299 2070 neeesse
1317 2005 1405 2068 estut

344 2094 483 2159 strictim
499 2103 644 2160 servetur
660 2097 771 2179 regula
788 2113 885 2180 quam
904 2093 1094 2159 tradidimus
1112 2092 1172 2157 cO
1190 2092 1265 2157 nu.
1277 2090 1404 2157 Geumi.

342 2202 376 2269 p.
399 2181 421 2247 4
445 2183 490 2249 tit.
516 2183 557 2248 l7
581 2204 610 2247 o.
635 2183 688 2248 nt.
713 2181 805 2261 Quod
828 2182 855 2246 si
879 2180 1019 2246 Eollecta
1035 2182 1078 2245 sit
1094 2178 1227 2264 quidem
1244 2178 1353 2245 eadem
1375 2193 1404 2239 te

344 2267 455 2336 Oratio
480 2271 669 2356 praescripta
693 2290 711 2334 a
735 2270 903 2343 Rubrum,
927 2267 983 2333 sed
1007 2267 1048 2333 ad
1072 2267 1238 2333 diversum
1262 2266 1405 2352 objectum

344 2377 401 2424 seu
425 2359 579 2423 motivum
602 2364 742 2443 spectet,
770 2364 838 2423 tum
861 2375 936 2420 veru
960 2357 1015 2421 illa
1048 2354 1229 2420 mutabitur
1262 2353 1295 2420 in
1325 2352 1404 2418 uliam

344 2455 590 2530 congruentem,
614 2445 641 2510 si
665 2453 831 2530 suppetat,
854 2464 948 2509 secus
972 2451 1023 2509 est
1041 2441 1281 2529 praetereunda.
1298 2439 1403 2506 ldcircu

344 2534 372 2598 si
395 2535 427 2598 in
450 2533 616 2599 Oominiea
638 2532 726 2596 Xllll
750 2541 824 2617 post
850 2531 1062 2596 Pentecosten
1094 2539 1251 2595 occurrat
1283 2528 1404 2594 cottam

344 2620 427 2685 Deus
450 2621 618 2705 resupium,
642 2619 710 2704 ejus
733 2619 804 2684 loco
829 2619 985 2684 recitatur
1000 2615 1111 2683 Oratio
1129 2617 1177 2683 Ne
1193 2615 1404 2706 despioiuspto

343 2725 546 2791 quacumque
570 2705 776 2770 tribulatione
800 2728 830 2771 n.
856 2707 897 2775 15
923 2707 1048 2791 posita:
1073 2705 1101 2769 si
1126 2705 1242 2770 eadem
1274 2702 1403 2769 occurrat

344 2794 377 2857 in
400 2793 496 2857 Ecsto
520 2791 553 2856 S.
577 2793 704 2856 Martini
729 2793 877 2882 Episcopi
900 2802 932 2856 et
956 2791 1168 2867 confessoris,
1187 2791 1321 2857 Secreta
1335 2787 1402 2854 illius

344 2879 407 2943 erit
429 2878 559 2964 Suscipe
582 2879 712 2944 Domine
737 2884 834 2945 citato
857 2904 888 2948 n.
914 2879 1086 2965 descripta.
1104 2879 1250 2944 Rursum
1271 2879 1299 2943 si
1314 2873 1402 2943 Oratio

344 2966 451 3032 Missae
474 2964 557 3029 Deris
581 2966 636 3050 qm
657 2967 752 3031 cordo
776 2967 934 3034 Fideiium
959 2967 998 3031 de
1022 2966 1147 3051 Spiritu
1171 2965 1306 3041 Sancto,
1327 2957 1402 3029 simul

341 3051 494 3139 jubeatur
514 3051 574 3116 dici
598 3071 657 3137 pro
674 3053 830 3119 electione
847 3056 1007 3141 Episcopi,
1024 3053 1107 3118 Sede
1125 3062 1273 3129 vacante,
1290 3071 1345 3139 pro
1358 3049 1402 3113 bac

343 3141 407 3225 legi
424 3139 541 3226 poterit
558 3137 667 3205 Oratio
684 3150 720 3205 ut
735 3143 767 3205 iu
785 3141 880 3207 llissa
896 3163 955 3226 pru
972 3140 1118 3225 eligendo
1137 3139 1274 3206 Summo
1299 3132 1402 3205 Pontii·

344 3248 391 3304 ce,
415 3247 567 3313 expresso
593 3234 698 3291 tamen
723 3228 874 3293 Ecclesia
898 3228 1104 3313 particularis
1130 3229 1275 3305 nomine,
1291 3239 1402 3312 acpre·

336 3317 494 3382 vtermisso
518 3315 548 3380 iu
574 3314 876 3380 Postcomm'unione
908 3314 1004 3380 verbo
1028 3315 1161 3378 Summi.
1187 3313 1222 3379 Si
1253 3313 1402 3380 tandema

343 3402 492 3469 Rubricis
516 3402 721 3488 praecipiatur
745 3401 854 3466 Oratio
878 3401 1023 3466 ,Ecclesiae
1046 3402 1095 3464 vel
1119 3421 1179 3485 pru
1205 3402 1304 3487 Papa,
1327 3406 1356 3465 et
1373 3392 1402 3460 ab

343 3491 504 3576 Episcopo
527 3490 638 3554 Oratio
651 3508 709 3573 pro
726 3489 810 3572 Papa
825 3488 987 3573 jubeatur,
1005 3487 1106 3551 anrbae
1123 3496 1222 3552 erunt
1238 3482 1400 3555 recitante,

344 3596 382 3640 ac
404 3575 449 3641 ita
474 3597 571 3662 porro
595 3577 627 3640 in
651 3575 818 3640 similibus.
843 3576 875 3640 S.
901 3575 936 3639 ll.
964 3575 995 3639 0.
1020 3574 1061 3637 25
1085 3572 1165 3656 Mcj.
1192 3576 1282 3640 tuan
1305 3575 1336 3639 in
1354 3568 1402 3636 Nu·

344 3681 481 3726 mercen.
499 3664 541 3726 ud
558 3663 587 3727 l..
605 3662 663 3726 llic
679 3661 895 3744 *animadverti
921 3681 979 3746 par
1002 3667 1061 3732 est,
1085 3658 1284 3747 Episcopum
1303 3663 1402 3747 preter

342 3745 502 3811 Collectas
525 3749 676 3813 dicendas
693 3749 771 3813 loeis
787 3768 806 3812 a
821 3747 962 3812 Rubrica
979 3745 1194 3830 praescriptis,
1212 3749 1320 3813 nullas
1336 3743 1400 3811 alias

345 3850 441 3918 posse
475 3851 610 3916 preces,
634 3834 711 3898 lieet
733 3854 793 3920 pro
815 3854 851 3900 re
875 3835 975 3916 gravi,
999 3830 1138 3895 indicere
1162 3832 1248 3898 intra
1273 3834 1400 3898 nissen,

343 3920 372 3983 si
389 3916 430 3981 ob
447 3915 480 3979 id
496 3917 625 3983 blissam
649 3921 838 4005 interrumpi
856 3926 1014 4004 oporteat,
1031 3917 1096 3981 sive
1112 3917 1289 3984 Celebrans
1305 3929 1399 4005 preces

343 4005 417 4072 illas
440 4003 564 4079 recitet,
581 4006 647 4069 sive
663 4015 778 4089 pauset
802 4006 878 4072 dum
897 4005 936 4070 ab
960 4005 1031 4070 aliis
1055 4004 1245 4072 recitantur.
1263 4006 1296 4072 S.
1310 4005 1351 4070 u.
1373 3997 1397 4064 d.
