3484 4875
543 514 638 561 CAPUT
654 514 687 559 ll.
704 513 742 558 bu
759 512 912 558 Pnttttntts
927 514 1028 561 rssrls
1046 516 1185 562 LOCORUH
1340 498 1381 564 55

356 621 377 687 S.
394 621 424 687 lt
448 620 480 688 G.
504 622 545 708 ll
573 621 645 685 Jan.
671 620 757 685 1749
781 619 814 684 io
837 641 900 684 rino
923 620 996 686 Ord.
1014 621 1278 687 Encolceatorum
1293 623 1325 689 S.
1343 624 1410 689 Au·

354 709 443 791 pontini
463 710 506 775 ccl
531 711 550 774 5
574 720 604 774 et
627 709 723 773 Rubr.
745 709 848 795 pecul.
885 731 915 773 n.
947 709 1024 775 ull.
1056 710 1092 774 ln
1126 709 1277 776 Oratione
1300 720 1409 778 cirtem

354 797 434 880 prino
452 798 524 863 loco
541 818 623 883 opus
646 805 696 861 est
719 796 787 881 ejus
813 795 923 862 Sancti
951 798 1146 863 mentionem
1163 798 1243 877 lieri,
1260 799 1312 865 cui
1327 802 1410 868 ritus

354 885 430 951 altior
452 887 614 969 congruit.
1409 938 1414 949 ,

322 975 323 1006 ³
396 974 447 1040 28.
473 972 568 1052 Quod
591 994 688 1059 porro
705 973 821 1039 attinet
837 971 878 1036 ad
895 972 1005 1057 plures
1023 974 1179 1040 Patronos
1200 975 1306 1040 minus
1323 976 1414 1060 prin·

349 1060 473 1146 apriles,
505 1062 556 1127 vel
584 1061 721 1126 Sanctos
751 1079 890 1145 qrrorum
920 1059 1027 1126 adsint
1059 1061 1214 1147 Reliquiae
1244 1063 1410 1147 insigues,

347 1166 501 1217 nnmuue
524 1151 557 1214 in
581 1150 712 1235 proprio
735 1147 929 1214 Kalendario
961 1148 1107 1215 Officium
1140 1170 1204 1215 non
1228 1149 1409 1227 habentes,

344 1236 457 1303 sedvel
481 1240 618 1304 seorsim
643 1239 692 1303 vel
716 1237 859 1310 nullum3
884 1235 923 1300 de
946 1236 986 1301 iis
1010 1238 1043 1304 in
1069 1246 1206 1324 utroque
1230 1259 1308 1304 casu
1332 1236 1409 1303 offi-

342 1325 412 1392 cium
435 1346 502 1391 una
526 1325 578 1391 die
600 1326 697 1392 simul
715 1346 777 1389 nou
796 1325 840 1399 fit,
858 1326 1000 1409 exceptis
1018 1333 1142 1391 tantum
1159 1327 1409 1393 occurrentibus
1445 1335 1449 1342 '

339 1413 438 1479 eadam
464 1414 527 1489 die,
552 1414 580 1478 si
603 1415 668 1478 sint
691 1434 750 1499 per
773 1432 807 1477 se
828 1412 943 1497 juncti.
968 1415 1010 1479 At
1034 1414 1140 1499 quoad
1156 1416 1250 1491 alins,
1277 1416 1411 1481 tametsi

337 1500 421 1567 simul
438 1508 624 1577 occurrant,
642 1501 764 1567 servari
781 1508 910 1586 oportet
927 1503 1141 1567 oecurrentiae
1158 1511 1190 1569 et
1203 1504 1409 1589 repositionis

336 1588 426 1674 leges.
454 1588 549 1668 Quod
571 1610 647 1656 vero
671 1597 797 1675 spectat
820 1588 861 1653 ael
885 1587 998 1654 Socios
1021 1590 1076 1677 (si
1100 1593 1154 1677 qui
1178 1592 1243 1657 sint
1270 1592 1303 1656 in
1326 1591 1410 1658 llar-

335 1678 490 1764 tyrologio
508 1676 611 1754 bom„
635 1679 685 1744 vel
709 1675 797 1762 alibi)
821 1696 878 1741 seu
902 1678 1037 1764 alicujus
1056 1698 1094 1743 ex
1111 1678 1254 1764 praelatis
1271 1679 1410 1756 Sanctis,

334 1766 466 1852 aliisque
490 1766 661 1841 similibus,
679 1785 735 1831 seu
751 1765 940 1851 principalis
958 1769 1008 1832 vel
1025 1766 1179 1833 Titularis
1195 1769 1246 1834 vel
1265 1768 1411 1844 Patroni,

331 1872 500 1920 commuue
524 1875 588 1920 non
611 1853 767 1919 habentes
791 1873 865 1919 oum
898 1854 1013 1921 eodem
1045 1854 1194 1922 Officium
1221 1856 1252 1922 in
1277 1856 1410 1942 proprio

330 1940 542 2017 Kalendario;
567 1942 606 2008 de
629 1943 669 2006 iis
692 1941 964 2028 (quantacumque
989 1944 1077 2008 inter
1093 1944 1181 2029 ipsos
1198 1952 1231 2009 et
1247 1945 1346 2010 istum
1362 1944 1410 2009 in-

330 2030 474 2097 tercedat
497 2030 706 2117 conjunctio)
731 2028 811 2094 nihil
835 2029 962 2114 penitus
986 2030 1042 2106 lit,
1077 2040 1292 2118 preterquam
1325 2030 1410 2098 lorte

329 2119 388 2184 alia
413 2118 476 2196 die,
501 2140 558 2185 seu
582 2118 705 2194 diebus,
730 2137 792 2202 qua
815 2116 866 2181 vel
890 2118 1005 2202 quibus
1029 2120 1061 2185 in
1086 2120 1220 2204 praelato
1245 2120 1405 2187 Kalenda-

329 2207 374 2273 rio
398 2206 549 2273 Officium
571 2207 748 2273 obtineant.
773 2203 850 2284 Quae
875 2224 974 2289 porro
997 2206 1097 2273 hicet
1114 2228 1212 2294 snpra
1229 2208 1407 2275 dictasunt

330 2293 367 2360 tle
389 2294 518 2371 Sociis,
542 2296 598 2361 illa
622 2315 713 2381 aeque
736 2294 775 2359 de
799 2292 894 2359 Sooio
919 2296 1013 2360 unico
1039 2298 1163 2361 censeri
1187 2296 1306 2362 debent
1328 2316 1410 2381 prae·

330 2383 460 2536 {cripta
486 2381 854 2473 anteponemus
879 2382 996 2451 elale
1025 2405 1063 2450 oc
1090 2383 1194 2450 Cocol.
1227 2394 1267 2453 to.
1293 2383 1309 2450 l
1336 2405 1363 2450 c.
1390 2385 1408 2449 5

352 2473 404 2540 ,6
431 2496 461 2538 n.
489 2473 519 2539 7.

423 2645 427 2651 ’
512 2654 579 2720 lle
600 2655 845 2721 orutnnnuo
859 2654 1013 2721 Officio
1034 2653 1233 2721 centusse

618 2747 800 2813 Patroni
820 2748 889 2813 vol
911 2747 1123 2813 Titulnrls
1410 2784 1414 2801 .-

334 2840 426 2905 tm
445 2838 495 2904 Ιιι
516 2857 624 2906 casu
644 2857 779 2922 quem
799 2842 927 2905 extr-n
946 2857 1098 2905 cneum
1117 2835 1411 2922 separationis

397 3016 454 3083 29.
480 3015 516 3082 Si
539 3014 686 3084 Officium
709 3016 798 3083 Festi
820 3019 952 3084 Patroni
975 3019 1025 3084 vel
1048 3018 1201 3085 'litularis
1226 3015 1334 3104 (extra
1358 3035 1415 3082 ca«

332 3124 401 3171 sum
427 3104 670 3192 separationis)
693 3106 851 3171 habeatur
874 3108 907 3172 in
931 3107 1111 3183 breviario,
1135 3106 1196 3173 boo
1219 3104 1306 3171 idem
1329 3105 1411 3170 reci·

332 3195 394 3258 tari
419 3212 502 3280 opus
526 3201 598 3270 est,
622 3214 695 3259 curn
719 3193 924 3260 Lectionibus
949 3197 965 3260 l
992 3195 1149 3260 Nocturni
1181 3193 1220 3258 de
1243 3192 1413 3258 Communi

331 3279 385 3432 hei
409 3281 553 3367 propriae
578 3279 709 3368 desint)
734 3289 769 3347 ut
794 3302 868 3348 rnox
900 3282 1034 3348 dicetur.
1069 3282 1104 3347 Si
1135 3301 1211 3347 vero
1244 3300 1347 3365 neque
1379 3281 1412 3344 iu

355 3369 496 3434 retiario
519 3368 688 3448 habeatur,
712 3390 815 3456 neque
839 3370 926 3436 aliud
943 3371 1138 3457 particulare
1163 3374 1249 3434 extet
1272 3387 1331 3455 pro
1355 3366 1412 3431 illo

332 3454 416 3524 boco
440 3457 493 3524 vel
517 3456 662 3524 Ecclesia
685 3477 704 3523 a
727 3457 760 3524 S.
785 3457 869 3524 Sele
893 3458 1107 3546 approbatum
1130 3454 1179 3546 (*),
1206 3463 1282 3522 tunc
1303 3455 1410 3521 omnia

388 3756 425 3834 (Ἴ
446 3759 521 3819 cnon
543 3773 598 3834 pro
620 3752 774 3834 principali
808 3756 932 3814 Patrono
963 3750 1029 3813 Loci
1062 3750 1213 3844 peculiare
1241 3750 1324 3813 adest
1344 3749 1414 3812 offi-

332 3837 430 3912 cium,
452 3833 526 3896 illud
548 3844 579 3894 ut
599 3853 615 3895 a
637 3833 842 3911 Regularibus,
863 3833 947 3911 queis
969 3848 1120 3909 proprium
1136 3831 1344 3895 Kalendariunn
1366 3830 1415 3902 sit,

332 3915 415 3979 liceat
436 3913 584 3987 adbiberi,
598 3920 712 3992 oportet
727 3911 844 3993 utrique
859 3912 944 3973 clero
958 3911 1022 3991 ejus
1035 3911 1102 3972 Loci
1119 3910 1208 3971 luisse
1222 3927 1416 3984 conoessum

331 4012 425 4076 neque
447 3991 556 4056 sufficit
577 3991 726 4055 concessio
747 3991 833 4052 etiarn
855 4009 910 4070 pro
924 3989 1120 4069 ltegulnribus
1133 3989 1311 4051 Kelenderio
1326 3988 1415 4050 Dioe·

332 4094 439 4140 cesano
461 4072 632 4151 utentibus;
654 4070 840 4151 putescum,
862 4072 937 4146 bos,
957 4068 1010 4133 ubi
1031 4069 1184 4151 proprium
1205 4068 1415 4133 Kolendariurn

454 4152 475 4219 5
