3484 4875
576 500 799 547 766677776666
817 498 1103 549 76766776666677
1290 486 1355 554 775

339 604 482 674 7766766
514 606 546 673 76
578 616 730 694 respectu
754 609 888 685 habito,
920 608 1006 694 quod
1028 605 1159 677 Festum
1186 611 1377 698 primarium

338 693 479 761 necdum
513 694 611 762 tuerit
645 697 855 762 celebratum.
880 698 911 762 S.
936 697 972 762 tt.
1001 698 1032 763 C.
1063 700 1082 763 5
1117 699 1194 785 Moj.
1220 699 1306 766 7776
1341 703 1376 788 ip

336 781 506 861 Eipsidieo.
532 783 566 849 Si
598 804 673 849 vero
706 784 899 870 quandoque
929 786 1151 869 contingeret,
1184 788 1373 873 primarium

336 868 473 937 Festum
496 870 528 937 S.
552 872 687 956 Agnetis
712 893 769 957 per
792 873 943 938 arridens
968 880 1093 940 tantum
1124 875 1241 943 alieubi
1265 884 1370 943 trans·

336 956 441 1035 76777,
465 967 498 1025 67
522 959 590 1025 haee
614 960 682 1025 dies
705 961 747 1026 777
772 961 925 1047 impedita
949 982 1013 1026 non
1037 960 1143 1038 76767,
1165 964 1198 1029 76
1222 964 1292 1040 hac,
1316 985 1375 1031 666

337 1046 372 1111 76
396 1048 583 1133 6777776666
599 1047 764 1134 impedito,
781 1057 867 1114 esset
885 1049 1113 1135 reponendum.
1131 1051 1167 1116 76
1191 1050 1375 1138 hujusmodi

336 1154 415 1200 6666
442 1144 545 1221 767676
561 1134 708 1202 Officium
732 1137 927 1222 persolvitur
951 1145 986 1201 ut
1009 1138 1042 1204 in
1065 1140 1166 1224 priori
1191 1138 1296 1216 Festo,
1315 1159 1374 1205 neo

337 1223 506 1309 quippiam
528 1223 564 1288 fit
587 1223 626 1288 de
650 1224 745 1291 Festo
769 1223 802 1289 S.
827 1225 960 1310 Agnetis
984 1226 1135 1292 6666666.
1156 1226 1261 1293 06667.
1287 1237 1327 1293 76.
1354 1229 1370 1293 7

337 1332 364 1375 6.
390 1311 409 1375 9
435 1311 465 1376 d.
493 1311 534 1375 tn
558 1334 587 1375 6.
614 1312 666 1376 st.

384 1398 419 1463 V.
446 1398 480 1463 Si
503 1400 536 1463 in
568 1398 663 1465 Festo
695 1400 874 1486 cujuspiam
897 1400 986 1465 Beati
1019 1399 1107 1466 6667.
1132 1400 1295 1467 7766776676
1326 1403 1371 1468 76-

338 1485 443 1568 gendo
477 1487 520 1552 sit
554 1486 651 1552 7777666
674 1487 856 1553 Sacerdotes
891 1488 937 1552 tui
965 1488 1004 1554 66
1027 1490 1195 1555 Communi
1231 1488 1373 1556 seeundo

338 1574 410 1639 loeo
435 1572 509 1660 (uti
533 1574 627 1640 hodie
651 1576 736 1660 apud
760 1597 818 1641 nos
834 1574 857 1662 )‚
881 1577 914 1640 in
938 1573 1070 1643 Secreta
1100 1598 1162 1642 uon
1186 1577 1292 1643 Sancti
1315 1576 1373 1643 666

339 1664 571 1812 pronunciatur
603 1683 662 1728 vox
685 1663 784 1729 Beati.
809 1664 840 1729 S.
866 1663 902 1728 R.
930 1663 962 1730 0.
988 1665 1006 1728 7
1030 1665 1115 1753 Sept.
1142 1665 1226 1731 77776
1252 1666 1283 1729 in
1310 1664 1370 1731 Tu·

362 1750 565 1815 mtwffi.

328 1836 350 1902 Ι.
372 1875 415 1886 -
439 1838 639 1922 indulgentia
665 1839 811 1925 plenaria
834 1840 866 1904 in
891 1838 986 1906 Festo
1010 1840 1044 1906 B.
1070 1840 1238 1906 tutovieae
1270 1860 1371 1927 usque

335 1925 379 2000 Ι66
402 1945 522 1992 annum
548 1926 633 1992 tutu
659 1948 716 2011 per
741 1928 825 1992 vioes
850 1927 1018 2011 impetrari
1043 1931 1207 1995 consuevit
1230 1929 1271 1993 66
1295 1937 1373 1995 tem·

344 2032 420 2097 pus;
446 2014 503 2079 666
527 2015 611 2080 euim
635 2016 791 2099 singulari
816 2014 873 2081 SS.
899 2016 934 2081 77.
959 2015 996 2081 N.
1023 2016 1069 2080 Pii
1092 2016 1188 2103 Papae
1211 2015 1253 2083 tx
1278 2017 1372 2082 bene·

344 2100 433 2178 tirio,
458 2102 553 2167 76666
578 2103 610 2167 76
635 2112 827 2190 perpetuum
852 2124 1005 2170 concesso
1031 2112 1081 2169 est
1104 2125 1161 2190 per
1184 2104 1284 2170 Breve
1309 2104 1371 2169 6767

339 2187 362 2253 77
384 2190 521 2274 Augusti
546 2190 643 2257 tutu.

664 2561 986 2672 ’6677676666

478 2785 509 2830 tn
532 2783 693 2830 notttrttmts
717 2784 753 2829 ΕΤ
777 2783 881 2830 rnntns
905 2785 978 2830 POST
1002 2783 1185 2830 nrtrtttrttttt

368 2979 393 3045 7,
417 2979 592 3044 7766776766
625 2987 697 3064 6667
728 2978 941 3065 Epiphaniam
974 2999 1074 3064 usque
1098 2978 1139 3044 66
1163 2975 1367 3063 8667666667·

328 3081 476 3132 ramesse
500 3077 635 3153 possunt
658 3088 723 3144 sex,
748 3068 796 3132 vet
821 3068 989 3134 minimum
1014 3087 1085 3133 una.

362 3155 390 3220 7.
414 3154 460 3221 776
484 3154 648 3221 7767676766
672 3155 812 3220 seeundo
835 3165 909 3242 6667
932 3155 1142 3242 Epiphaniam
1167 3173 1295 3239 semper
1318 3149 1369 3218 67·

329 3239 400 3308 rium
424 3244 532 3327 agitur
555 3244 604 3308 vel
629 3245 744 3310 saltem
776 3244 1038 3309 commemoratio
1065 3249 1140 3313 6676
1163 3240 1365 3327 Septuagesi·

328 3345 389 3396 tam.
406 3330 531 3397 7667766
557 3331 684 3417 quando
709 3330 952 3418 Septuagosimo
975 3329 1088 3395 7667677
1112 3330 1144 3394 76
1168 3327 1367 3393 Dominioom

328 3419 489 3496 66666676,
514 3427 590 3485 7666
614 3419 755 3485 Sabbata
779 3418 1002 3494 antecedenti,
1033 3417 1060 3482 si
1086 3437 1149 3481 666
1174 3414 1367 3500 impediatur

328 3515 384 3572 esto
407 3507 528 3593 6667767
551 3508 600 3572 vel
625 3508 827 3594 semiduplici
851 3513 1040 3573 oecurrente
1064 3511 1097 3570 67
1121 3503 1159 3568 66
1184 3508 1361 3589 praecepto,

328 3595 388 3661 tde
411 3594 579 3661 7767676766
610 3595 750 3661 see-unda
775 3603 848 3683 post
880 3592 1100 3680 Epiphaniam.
1133 3591 1189 3656 Sin
1211 3588 1365 3692 yeroitu

331 3684 386 3749 erit
408 3683 622 3768 impeditum,
654 3683 693 3748 66
717 3684 777 3749 7766
801 3683 967 3749 7767676766
991 3679 1150 3766 agendum
1173 3686 1235 3743 6777
1259 3695 1364 3764 prema

329 3789 344 3835 6
363 3782 437 3859 6667
454 3769 607 3837 ueterem
631 3770 828 3858 Epiphaniae,
845 3773 877 3836 in
902 3790 964 3856 qua
988 3790 1051 3835 non
1068 3774 1219 3834 66667767
1233 3764 1366 3832 Festum

328 3860 428 3947 tpiex3
461 3860 661 3946 semittuplen·
691 3868 797 3926 autem
822 3861 854 3926 76
885 3879 956 3926 6676
986 3855 1129 3922 76676666
1153 3852 1366 3952 transferetur

354 3948 440 4014 diem
473 3949 617 4034 proxime
651 3946 796 4014 liberam.
834 3948 930 4013 Rubr.
966 3945 1054 4012 Breo.
1090 3953 1119 4010 67
1152 3942 1268 4009 Miseni.
1304 3939 1365 4043 iar.

328 4057 354 4105 re
377 4047 488 4105 tamen
516 4036 570 4124 jus
593 4037 779 4104 removendi
801 4035 1000 4123 sernitluplex
1031 4033 1070 4100 66
1093 4038 1255 4121 praecepto
1282 4048 1367 4097 7667-
