3484 4875
575 483 969 546 imminenduomuuruu
1219 478 1284 545 155

238 600 396 693 bspersio
419 622 510 691 aqnae
525 601 700 672 benedictn
716 604 918 692 quandonam
935 611 1000 671 eta
1016 622 1078 691 quo
1095 601 1163 669 lieri
1178 601 1308 679 debeat,

287 700 400 759 annot.
419 691 458 759 de
476 703 570 780 temp.
586 693 733 761 Paschali
748 716 778 760 n.
798 696 816 759 5
833 702 865 761 et
878 694 916 759 dc
931 693 1012 760 leste
1026 692 1081 758 88.
1094 691 1207 757 Frinit.
1226 712 1257 758 n.
1278 694 1307 757 l.

238 777 483 869 Assumpticuis
506 783 541 847 B.
558 783 597 848 Μ.
613 782 649 850 V.
674 782 802 849 Festum
818 782 1000 849 habendum
1016 791 1065 848 est
1087 802 1145 868 pro
1169 779 1308 845 Fitnlari
1426 833 1428 839 .

285 890 402 937 earum
426 870 651 947 Bcclesiarnm,
675 892 745 961 quae
761 873 794 938 B.
812 873 851 938 Μ.
869 871 992 957 Virgini
1014 878 1088 937 sunt
1104 870 1216 935 dicatae
1240 869 1311 935 abs·

286 980 353 1045 que
378 959 526 1046 adjuncta
550 960 684 1046 alicujus
707 960 846 1048 llpnterii
862 959 1128 1036 denominatione,
1145 958 1236 1045 cujus
1253 957 1309 1022 Fe-

286 1057 379 1114 stnm
401 1050 562 1135 peculiare
587 1050 785 1126 celebretur,
816 1049 923 1116 adnot.
948 1050 989 1114 l5
1020 1051 1098 1133 hug.
1124 1069 1156 1115 n.
1179 1048 1202 1112 l.
1229 1046 1308 1112 Con·

288 1137 396 1203 clusio
420 1136 580 1203 Orationis
603 1140 837 1225 Assumptionis
854 1147 903 1204 est
921 1138 981 1215 Qui
996 1148 1096 1203 tecum
1118 1137 1190 1201 uicit
1213 1145 1242 1200 et
1265 1157 1311 1199 rc-

289 1235 387 1311 9oct,
419 1225 494 1291 ibid.
526 1226 584 1292 Ubi
616 1226 733 1293 Octava
763 1227 999 1314 Assumptionis
1030 1234 1080 1292 est
1110 1225 1311 1313 privilegiata

286 1315 396 1380 instar
418 1314 544 1380 Octava
560 1315 709 1401 Corporis
725 1315 852 1394 Christi,
868 1337 908 1383 an
932 1314 980 1381 las
1003 1316 1044 1380 sit
1067 1314 1312 1401 pretermittere

287 1422 411 1468 nonam
426 1403 608 1469 hectiouem
624 1404 710 1470 Festi
726 1406 880 1492 simplicis
898 1406 1106 1481 occurrentis,
1119 1403 1195 1468 ibid.
1212 1423 1245 1467 n.
1261 1400 1311 1465 lV.

238 1490 415 1556 Athanasii
438 1491 495 1579 (S.)
519 1492 647 1559 Festum
679 1494 706 1560 si
736 1494 856 1560 incidat
879 1495 910 1559 in
942 1492 1031 1558 llom.
1065 1500 1212 1578 quartam
1240 1497 1313 1575 post

288 1580 439 1657 Pascha,
470 1581 577 1647 adnot.
601 1582 622 1647 h
649 1582 722 1669 llaji
745 1604 776 1649 n.
800 1583 834 1658 l;
864 1583 915 1648 vel
945 1582 971 1646 si
1003 1580 1213 1647 transferatur
1242 1586 1314 1664 post

291 1669 518 1746 Pentecosten,
541 1670 617 1736 ihid.
642 1691 672 1736 n.
696 1670 734 1736 ll.

239 1758 423 1842 Augustus.
448 1758 511 1824 Gur
533 1759 565 1824 in
589 1780 625 1825 eo
643 1759 791 1845 legantur
813 1760 887 1827 libri
911 1758 1134 1846 Sapientiaies‚
1151 1777 1224 1843 pag.
1250 1754 1309 1820 561

287 1848 323 1911 in
347 1855 435 1912 ncta.

244 1936 375 2001 Aureus
399 1955 550 2001 uumerus
574 1938 660 2021 quid,
684 1947 716 2005 ct
739 1936 897 2025 quomodo
921 1938 1095 2013 invonitur,
1120 1955 1156 2001 ac
1181 1954 1238 2001 cur
1262 1954 1315 1998 crr-

288 2045 365 2089 reus
388 2032 530 2100 vocatur,
555 2046 582 2090 c.
608 2029 623 2092 1
650 2048 681 2092 n.
704 2029 725 2092 h
749 2036 781 2092 et
805 2029 835 2092 5.
1141 2039 1144 2047 '

245 2113 376 2179 Aurora
399 2113 525 2199 quaudo
550 2114 671 2204 incipit,
694 2116 801 2183 adnot.
826 2118 842 2182 l
869 2114 940 2180 Jan.
964 2135 995 2178 n.
1019 2112 1056 2177 V.

245 2467 478 2535 Baldachinum
494 2491 553 2557 pro
576 2471 784 2538 Processicue
808 2470 863 2536 SS.
882 2467 1081 2536 Sacramenti
1103 2484 1231 2552 semper
1247 2483 1316 2529 esse

293 2556 390 2622 debet
413 2559 477 2623 albi
501 2562 628 2637 coloris,
652 2570 759 2627 arrnot.
784 2562 815 2625 in
840 2559 940 2626 Hebd.
965 2557 1118 2643 majorem
1142 2575 1172 2619 n.
1198 2553 1250 2619 ll.

246 2644 405 2712 Barnahae
429 2646 485 2734 (S.)
509 2649 637 2715 Festdm
661 2651 688 2715 si
712 2649 890 2716 celebretur
914 2657 1010 2732 temp.
1029 2643 1183 2719 Paschali,
1208 2642 1315 2708 adnot.

294 2735 333 2799 ll
354 2734 426 2800 Jun.
444 2757 475 2801 n.
493 2736 521 2813 l;
539 2740 566 2803 si
584 2737 796 2804 transferatur
811 2739 843 2802 in
861 2736 945 2802 diem
961 2735 1002 2800 25
1020 2733 1115 2808 lunii,
1132 2732 1208 2797 ibid.
1226 2752 1258 2795 n.
1275 2730 1314 2795 ll.

245 2824 378 2890 Beatus.
397 2826 443 2891 dn
467 2826 505 2891 de
522 2846 558 2892 eo
575 2827 670 2892 Missa
693 2829 796 2892 votiva
818 2826 879 2891 dici
896 2833 1001 2911 queat,
1019 2844 1046 2890 c.
1064 2823 1082 2888 8
1101 2843 1131 2887 n.
1150 2821 1201 2886 17.
1220 2820 1314 2885 lllissa

293 2911 334 2977 de
358 2913 455 2978 Beato
488 2916 643 2981 celebrari
674 2937 735 2982 non
760 2922 888 3002 potest,
919 2915 980 2980 nisi
1004 2914 1036 2978 in
1059 2911 1210 2977 llcclesiis
1243 2916 1315 2974 eta

294 2999 534 3080 Sacerdotibus,
558 3004 673 3091 quihus
696 3013 745 3071 est
767 3023 930 3081 concessa,
954 3024 981 3068 c.
1006 3001 1025 3068 9
1049 3023 1080 3066 n.
1106 3002 1136 3065 1.
1160 2999 1194 3065 81
1218 2998 1315 3063 habet

291 3089 423 3156 llissarn
446 3092 626 3158 Sacerdotes
657 3095 702 3159 tui
732 3093 771 3159 de
795 3092 961 3159 Communi
984 3089 1182 3156 Conlesscris
1206 3086 1315 3152 Ponti·

294 3177 387 3254 licis,
410 3180 441 3243 in
467 3179 597 3247 Secreta
620 3183 691 3248 loco
714 3183 802 3248 verbi
825 3182 932 3247 Soccti
953 3178 1122 3245 dicendum
1145 3183 1194 3243 est
1219 3175 1315 3248 Beati,

295 3265 405 3332 adnot.
429 3269 471 3333 28
495 3269 565 3335 Jan.
589 3291 620 3336 n.
641 3270 677 3337 V.
701 3271 779 3336 Vide
805 3269 913 3336 Credo.

246 3356 435 3422 Benedictio
460 3357 680 3435 candelarum,
696 3357 855 3433 thumum,
871 3357 1054 3422 Palmarum
1078 3373 1115 3418 ac
1135 3350 1245 3416 Fontis
1260 3349 1318 3414 Ba·

297 3445 458 3530 ptismalis
486 3446 554 3513 fieri
585 3448 679 3514 debet
701 3446 740 3513 ab
770 3466 807 3512 eo
838 3446 890 3530 qui
921 3444 1166 3528 subsequentem
1189 3440 1318 3504 ltlissam

299 3532 441 3599 celebret
458 3543 529 3611 etc..
543 3536 650 3603 adnot.
663 3537 683 3601 2
696 3535 788 3601 Febr.
801 3556 832 3601 n.
846 3533 870 3611 l,
887 3540 920 3598 et
935 3539 1042 3597 annot.
1060 3531 1091 3595 in
1108 3527 1207 3594 Hebd.
1221 3526 1319 3612 majo·

295 3641 367 3687 rem
391 3643 422 3689 n.
442 3624 493 3690 17.
512 3624 593 3703 Quid
609 3625 673 3702 liat,
689 3625 716 3689 si
733 3623 909 3710 expositum
933 3623 974 3686 sit
991 3618 1047 3685 88.
1065 3619 1317 3690 Sacramentum,

295 3708 374 3776 ibid.
399 3732 429 3778 n.
455 3714 484 3778 5.
508 3714 690 3779 Benedictio
714 3711 942 3786 Candelarum,
966 3708 1116 3774 Cinerom
1138 3713 1171 3771 et
1192 3705 1317 3770 Palma-

295 3819 371 3864 rum
395 3822 458 3867 nun
481 3809 531 3867 est
553 3802 592 3868 de
612 3801 736 3888 juribus
764 3821 852 3867 mere
874 3797 1138 3872 Parcchialibus,
1166 3793 1273 3860 adnot.
1298 3792 1318 3856 h

296 3886 390 3954 Febr.
415 3911 446 3956 n.
470 3889 493 3955 l.
518 3890 596 3957 Vide
618 3889 724 3956 Fontis
747 3888 945 3979 baptismalis
968 3884 1143 3952 bereedictr'o.

254 3977 437 4048 Benedictio
461 3999 534 4044 cum
557 3979 613 4046 88.
631 3979 837 4046 Sacramentc
861 3979 889 4043 si
912 3973 1122 4062 impertienda
1145 3973 1188 4039 sit
1211 3971 1320 4037 imme·

298 4067 384 4136 diate
407 4077 481 4157 pust
503 4069 633 4136 llissam
657 4078 712 4138 aut
733 4068 907 4156 Vesperas,
930 4065 1061 4132 retineri
1084 4069 1205 4151 queunt
1225 4058 1317 4124 lndu·
