3484 4875
558 520 783 571 annorinronos
798 521 829 571 tn
845 521 936 570 unsri
952 523 1086 571 innunnn
1275 500 1339 572 169

330 626 414 697 Hosti
438 630 726 718 Desponsationis,
750 653 788 699 ac
811 634 955 699 sumitur
979 653 1016 700 ex
1047 632 1141 698 Festo
1167 629 1207 697 tt
1232 630 1360 706 Hartii;

329 720 383 785 sed
406 721 440 786 in
465 722 563 787 Hissa
587 722 627 787 ad
651 722 837 788 Orationem
861 720 1027 787 Secretam
1052 720 1209 787 vocabulo
1232 717 1361 786 Festivi·

330 818 434 891 tunm,
459 809 667 876 substituitur
692 811 1036 884 Coinmcnrorutionem.

372 896 411 961 ll.
438 895 472 962 Si
498 897 628 964 Festum
663 898 929 984 Desponsationis
964 898 997 962 in
1026 898 1111 962 diem
1147 893 1363 961 transferatur

332 993 495 1050 carentem
520 1006 604 1051 nona
628 987 778 1051 Lectione
802 986 841 1051 de
864 984 1032 1071 Simplici,
1056 993 1125 1051 tum
1148 1004 1223 1049 vero
1248 993 1361 1048 octava

329 1070 437 1137 Lectio
462 1073 580 1139 desinit
603 1074 643 1139 ad
667 1075 801 1140 verbnm
828 1074 986 1148 Ostendit,
1018 1093 1101 1139 nona
1124 1074 1169 1137 ita
1192 1072 1364 1137 inchoatur

331 1158 447 1247 Joseplt
471 1172 587 1227 antem.
612 1162 708 1227 nitor.
733 1163 792 1227 leia.

375 1248 430 1313 lll.
456 1249 492 1313 ln
516 1250 620 1315 Festis
645 1251 794 1315 omnibus
812 1252 953 1333 itemque
976 1269 1034 1337 per
1050 1248 1187 1315 Octavus
1203 1248 1238 1313 B.
1262 1247 1302 1313 ll.
1326 1245 1363 1313 V.

333 1336 389 1401 sub
414 1337 512 1402 tinem
530 1338 728 1425 Hymnorum
754 1338 873 1403 dicitur
889 1338 962 1402 Jasri
981 1339 1038 1403 ott
1058 1340 1098 1402 sit
1119 1337 1220 1423 plocio
1238 1336 1292 1422 qui
1306 1352 1370 1399 aa:

333 1434 378 1487 tus
401 1433 476 1501 etc,
501 1428 643 1511 exceptis
661 1426 766 1492 Hostis
782 1426 838 1490 Vll
863 1424 1015 1491 Dolorum
1039 1445 1148 1491 mense
1170 1423 1363 1510 Septembri,

336 1530 456 1577 necnon
482 1512 719 1598 Expectationis
753 1515 893 1590 Partus,
918 1515 950 1578 in
975 1514 1090 1600 quibus
1115 1514 1266 1578 nimirum
1291 1510 1364 1598 (uti

335 1597 373 1661 ihi
403 1600 637 1688 adnotaliitnr)
662 1603 787 1668 diversa
818 1610 994 1687 usurpatur
1025 1602 1201 1667 conclusio.
1227 1599 1275 1666 nd
1300 1599 1364 1684 pri·

337 1704 416 1756 uam
441 1690 608 1775 stropham
633 1691 748 1778 Hymni
771 1690 836 1755 Aee
859 1692 957 1754 mitris
981 1690 1073 1756 stello
1098 1688 1334 1774 genuflectitur.

376 1774 426 1838 lV.
452 1778 621 1843 Conclusio
646 1780 777 1865 propria
812 1778 993 1843 adhihenda
1017 1777 1057 1843 acl
1081 1778 1226 1859 singulas
1255 1776 1363 1850 horae,

342 1864 495 1930 omittitur
524 1866 731 1932 nihilominus
762 1866 970 1952 sequentihus
1007 1868 1039 1931 in
1068 1866 1207 1931 casibus
1233 1863 1281 1929 tt
1304 1862 1364 1926 Ve-

343 1968 444 2033 speras
469 1973 594 2039 nempe,
620 1956 663 2019 l.⁰
686 1955 721 2019 ln
745 1955 869 2041 Hymno
895 1952 996 2019 Officii
1019 1955 1184 2039 sequentis
1209 1953 1259 2016 vel
1283 1969 1364 2035 prce·

348 2038 492 2116 cedentis,
509 2044 559 2107 vel
583 2044 762 2128 utriusque,
778 2044 832 2128 qni
849 2049 953 2107 metro
979 2041 1150 2126 discrepet,
1168 2049 1204 2105 ut
1219 2038 1364 2127 Hymnus

348 2143 387 2190 ex.
409 2147 456 2210 gr.
482 2131 546 2193 Ace
575 2132 673 2195 neoris
703 2130 807 2206 stello,
837 2130 899 2195 lotc
933 2129 1092 2215 Goicfessor
1123 2136 1183 2193 etc.
1215 2134 1365 2211 respectu

336 2217 553 2283 conclusionis
583 2218 657 2282 lesu
690 2219 744 2283 tibi
774 2219 813 2283 sit
843 2218 945 2303 yterio
975 2218 1030 2303 pici
1058 2225 1171 2290 reatris,
1201 2222 1256 2279 aut
1286 2214 1364 2278 alte·

349 2301 403 2366 rins
431 2306 528 2369 simili
557 2314 671 2371 metro.
696 2307 741 2371 H?
765 2306 800 2370 ln
831 2306 956 2393 Hymno
987 2303 1089 2369 Ollicii
1119 2302 1286 2389 ejusdem,
1318 2302 1364 2368 al·

350 2393 488 2458 terutrins
512 2394 562 2459 vel
587 2396 765 2481 utriusque,
790 2395 844 2479 qui
868 2414 959 2459 suam
983 2392 1100 2458 lrabeat
1124 2390 1365 2456 conclusionem

353 2482 512 2564 propriam.
537 2483 588 2547 llli
613 2493 720 2548 antem
745 2483 862 2569 Hymni
889 2483 1052 2568 propriam
1070 2480 1220 2545 dicuntur
1237 2477 1366 2543 conclu-

353 2565 458 2633 sionem
483 2570 640 2646 obtinere,
657 2573 709 2656 qiti
728 2571 759 2635 in
781 2571 843 2635 sine
859 2571 990 2636 minime
1009 2568 1185 2654 praedicant
1201 2565 1368 2632 Trinitatis

353 2652 483 2734 gloriam,
501 2666 536 2723 nt
552 2659 697 2746 Hymnus
715 2659 860 2723 Matutini
877 2659 1092 2743 plurimorum
1109 2656 1296 2743 Martyrum,
1313 2661 1369 2718 aut

353 2752 456 2822 preter
480 2747 618 2829 gloriam
641 2747 807 2811 Trinitatis
833 2746 953 2831 aliquid
991 2745 1077 2811 alind
1103 2746 1308 2829 exprimunt,
1333 2748 1367 2806 nt

352 2824 479 2916 Hymnus
502 2835 718 2921 vesperarum
743 2835 775 2899 S.
801 2833 921 2899 Crucis,
944 2835 1017 2899 Gon.
1042 2843 1112 2899 scot.
1137 2835 1154 2898 5
1179 2854 1206 2897 e.
1231 2831 1250 2897 a
1272 2853 1302 2895 n.
1329 2829 1370 2894 l3

352 2927 373 2980 et
395 2921 537 2987 letanias
560 2924 615 2988 abi
636 2923 674 2986 de
697 2923 787 2988 Doni.
812 2923 844 2985 in
867 2921 961 2987 Attis.
981 2921 1023 2986 a?
1041 2921 1075 2987 ln
1093 2922 1218 3076 Hymno
1243 2920 1371 2985 demum

351 3012 500 3092 sequentis
524 3010 637 3087 Olticii,
661 3013 688 3076 si
713 3010 774 3076 hoc
798 3009 955 3095 ejusmodi
979 3011 1031 3085 sit,
1056 3019 1092 3075 ut
1143 3008 1216 3074 lticii
1241 3006 1371 3094 propria

350 3099 544 3163 conclusione
567 3099 694 3184 praediti
717 3100 748 3163 in
780 3099 894 3163 tisucm
922 3099 1071 3183 Vesperis
1093 3096 1372 3163 commemoratio·

349 3198 411 3249 nem
434 3186 594 3252 excludat.
612 3187 659 3252 to
685 3186 938 3272 Completorinm
956 3205 1053 3271 porro
1071 3187 1230 3251 omittitur
1253 3185 1285 3248 in
1309 3182 1371 3247 hoc

348 3274 433 3337 tertio
458 3294 546 3349 casu;
572 3294 609 3339 ac
632 3282 790 3359 praterea
815 3275 847 3338 in
872 3293 948 3339 casn
973 3273 1125 3349 seeundo,
1143 3293 1215 3338 oum
1240 3271 1368 3336 conclu·

346 3360 386 3424 sio
409 3363 543 3446 propria
568 3360 681 3438 Olticii,
703 3363 793 3448 cujus
816 3363 859 3426 ibi
884 3361 919 3426 lit
941 3362 1073 3435 mentio,
1097 3359 1232 3426 dicendo
1256 3365 1306 3423 est
1329 3356 1370 3420 ad

345 3466 449 3514 omnes
467 3450 575 3527 horas,
593 3450 766 3516 dummodo
784 3448 930 3515 Officium
948 3448 1027 3513 ittnu
1044 3448 1202 3534 Vesperas
1220 3445 1370 3510 habuerit

344 3534 494 3621 integras
518 3540 567 3603 nel
592 3539 707 3603 saltem
731 3539 888 3623 potiorem
913 3556 1023 3602 eurtum
1047 3544 1184 3621 partem,
1202 3534 1326 3599 scilieet
1350 3551 1368 3597 a

341 3624 496 3712 Capitnlo.
521 3626 661 3692 Rursum
690 3627 877 3701 conclusio,
902 3645 972 3710 cyriae
997 3626 1121 3689 ratione
1156 3621 1284 3689 Octavae
1320 3621 1368 3686 vel

339 3713 509 3800 Temporis
532 3713 718 3799 usurpanda
742 3723 791 3779 est
808 3714 848 3779 ad
865 3715 961 3778 horas
986 3713 1140 3797 singulas,
1157 3710 1316 3777 omittitur
1339 3721 1371 3774 et

336 3803 405 3890 ipsa
433 3821 565 3887 semper
600 3804 632 3868 in
656 3803 781 3889 Hymno
805 3822 861 3867 seu
887 3802 1020 3890 Hymnis
1044 3799 1145 3866 Olticii
1170 3799 1370 3865 occurrentis

333 3901 365 3957 ct
391 3892 620 3955 concorrentis
643 3892 674 3955 in
700 3892 803 3975 primo
828 3899 860 3955 et
883 3889 1023 3955 secundo
1048 3909 1085 3954 ex
1109 3889 1237 3954 casibus
1260 3906 1371 3972 supra·

331 3980 445 4046 ilictis.
471 3980 511 4044 ΑΙ
537 3979 565 4044 si
599 3977 745 4044 Officium
770 3998 944 4044 occurrens
967 3979 1109 4064 potiatur
1144 3977 1267 4062 pariter
1297 3993 1371 4049 eon·

328 4069 487 4137 elusione
510 4067 641 4155 propria
665 4066 706 4134 acl
729 4085 840 4133 omnes
864 4066 971 4142 horas;
988 4085 1026 4132 ae
1050 4065 1111 4142 die,
1136 4085 1206 4152 quai
1224 4059 1371 4130 officium
