3484 4875
438 486 480 551 88
682 501 777 548 error
792 499 832 544 su.
849 498 888 543 nu
905 497 1230 547 connuuonnrrousous

414 611 459 675 tio
483 607 556 673 Filii
580 606 737 673 habeatur
761 607 792 671 in
821 624 885 670 una
909 626 946 670 ex
981 604 1241 690 procedentibus
1280 605 1460 684 Orationibus,

414 700 442 764 si
465 698 583 783 plures
599 697 693 761 unica
717 694 924 760 conclusione
941 694 1181 771 contineantur3
1207 696 1268 762 secl
1293 718 1413 763 necesse
1430 707 1461 762 cst

414 793 451 852 ut
473 785 560 850 illius
584 785 704 850 mentio
727 783 783 848 fiat
806 783 838 847 in
862 788 1026 867 postrema
1050 780 1215 860 Oratione,
1239 805 1313 870 quae
1337 785 1461 851 eoneluli·

416 884 478 939 tur.
504 873 536 939 S.
561 872 597 937 R.
626 872 658 937 θ.
683 872 726 937 85
751 870 826 955 slaj.
853 870 939 935 loss
963 872 995 933 io
1017 891 1081 934 una
1109 870 1182 937 Orsi.
1220 872 1352 940 eremis.
1376 876 1403 939 S.
1421 875 1462 939 ‘lu

413 961 537 1046 qrrstim'.
562 959 705 1045 Denique
728 961 755 1023 si
779 961 812 1023 in
836 956 988 1023 Oratione
1011 958 1183 1024 lsnlucatur
1206 963 1331 1027 mentio
1355 961 1461 1048 Spiritus

414 1050 536 1124 Sancti,
561 1049 725 1113 conclusio
742 1046 810 1112 haec
826 1052 877 1111 est
893 1045 1126 1132 apponendas..
1150 1048 1188 1112 lu
1211 1048 1334 1115 concitate
1356 1050 1461 1138 eiusdem

415 1138 553 1225 Spiritus
576 1137 685 1201 Sonseti
707 1144 767 1200 etc.
792 1136 944 1200 Attamen
962 1141 997 1198 ut
1013 1136 1060 1198 sie
1085 1135 1233 1202 concludi
1252 1140 1367 1223 possit,
1389 1138 1462 1221 requi·

413 1227 497 1291 ritur
520 1234 555 1290 ut
579 1225 698 1289 menotio
724 1224 778 1287 illa
802 1222 958 1307 Spiritum
982 1220 1136 1287 Sanctum
1161 1224 1286 1290 slircete
1317 1226 1460 1311 significet}

414 1333 518 1400 neque
542 1320 592 1377 sat
616 1320 676 1387 est,
700 1320 734 1376 ut
752 1311 796 1374 ini
813 1310 980 1375 dumtaxat
1003 1307 1072 1376 llaec
1096 1311 1193 1376 verba
1213 1313 1460 1400 occurranttspi·

413 1402 493 1466 ritus
524 1412 587 1465 too
618 1399 809 1473 dilectionis,
841 1398 1026 1486 adoptionis,
1048 1400 1251 1484 fortitudinis,
1285 1403 1410 1488 feruoris
1434 1399 1462 1463 sel

413 1488 527 1574 oratioe
549 1487 696 1552 solutioris·
720 1496 780 1552 ele.
805 1486 836 1550 S.
860 1486 897 1551 a.
926 1486 957 1551 θ.
984 1486 1025 1549 lt
1048 1486 1125 1551 Noe.
1152 1488 1236 1553 loos
1265 1490 1299 1554 io
1321 1512 1383 1555 essue
1403 1488 1461 1555 llor-

414 1598 522 1641 sorum
544 1576 587 1639 usi
610 1575 664 1650 lo,
689 1576 708 1639 7
733 1574 805 1639 Dee.
825 1574 912 1638 loll
935 1575 967 1636 io
990 1572 1184 1641 llleeloliuica.
1202 1577 1245 1642 ael
1273 1578 1294 1644 9
1319 1589 1347 1643 et
1369 1573 1461 1644 rllissols

418 1664 505 1729 Rom.
533 1663 670 1751 lypicssos
695 1662 805 1730 llosnse
829 1662 900 1727 edit.
926 1684 976 1726 uso.
1002 1661 1115 1727 toul:
