3484 4875
369 467 412 536 oa
575 486 667 535 cunm
682 486 723 535 ιν.
740 487 779 534 ns
793 485 1013 535 rainsuinonr
1027 486 1182 537 msronnn

340 595 443 664 tatum
466 595 651 672 celebrare,
687 603 719 662 et
752 593 898 663 Officium
933 596 975 661 ad
998 595 1120 663 libitum
1149 596 1305 684 pretermit

342 684 463 751 tiorum
487 695 593 751 autem
618 687 808 751 alterutrum
844 689 973 751 omnino
1010 685 1170 770 agendum
1198 686 1305 760 erit3a

344 772 512 850 Officium,
543 774 628 861 quod
659 782 765 849 extet,
796 781 969 861 utsupra,
999 774 1175 841 Dominicae
1197 775 1305 861 anticipa

342 865 482 950 persolvi
510 863 670 950 oportebit
699 862 739 928 ad
769 882 923 932 normam,
947 862 1095 929 Rubricae
1125 864 1305 948 generalist

343 953 415 1018 nd
437 954 470 1020 in
493 952 564 1019 fine.
589 951 686 1019 Rubr.
700 951 802 1041 pecul.
818 973 848 1017 n.
867 951 931 1018 tut
955 961 985 1017 et
1006 951 1112 1018 Cnoal.
1130 961 1171 1018 to.
1188 952 1208 1017 2
1228 956 1251 1017 'c
1266 951 1298 1016 m

342 1063 373 1106 n.
392 1041 434 1107 dd
457 1052 487 1107 et
503 1041 555 1107 di.
580 1040 673 1107 Ratio
696 1060 793 1128 porro
817 1041 930 1106 curin
953 1040 1109 1129 praedicto
1132 1061 1210 1107 casu
1231 1042 1273 1125 agi

345 1127 492 1198 Officium
515 1129 556 1196 od
579 1130 700 1195 libitum
724 1129 868 1217 quamvis
893 1129 977 1195 adsit
1000 1130 1237 1216 anticipandum
1257 1126 1305 1193 orn

344 1219 534 1297 dominicae,
557 1238 594 1285 ea
618 1227 686 1295 est,
712 1219 786 1306 quia
809 1218 959 1284 nimirum
983 1220 1011 1284 si
1034 1217 1182 1285 Officium
1214 1218 1252 1284 od
1278 1216 1305 1280 tt

283 1339 289 1350 ·
345 1310 522 1386 omittatur,
546 1308 727 1374 necessario
751 1307 824 1373 huic
841 1305 988 1374 Officium
1010 1309 1205 1373 translatum
1220 1306 1271 1373 erit
1283 1323 1305 1369 su

345 1397 496 1483 gaudum,
520 1398 567 1463 uti
587 1396 655 1483 jam
679 1398 947 1483 praemonuimus3
972 1416 1045 1462 cum
1069 1397 1177 1481 itaque
1193 1394 1305 1482 pereni

347 1506 420 1553 nem
444 1485 547 1553 Officii
570 1486 612 1551 ud
635 1485 755 1552 libitum
778 1505 841 1551 non
864 1493 973 1570 pateat
994 1487 1085 1552 locus
1100 1485 1211 1552 Officio
1227 1483 1305 1549 donin

347 1574 467 1641 idcirco
491 1577 524 1640 in
548 1596 585 1640 eo
609 1594 686 1640 casu
708 1574 828 1641 indicta
850 1594 915 1639 non
938 1574 1063 1640 videtur
1094 1575 1223 1641 omissio
1244 1569 1305 1638 Osioi

347 1662 480 1741 libitum,
503 1663 559 1729 sed
583 1664 706 1738 libera3
729 1663 900 1729 Decretum
924 1664 1041 1749 quippe
1063 1664 1235 1751 prohibens
1248 1659 1305 1726 reoit

345 1771 419 1817 nem
443 1750 543 1819 Officii
566 1751 609 1816 nd
630 1750 752 1817 libitam
774 1752 901 1839 quando
933 1753 1172 1838 anticipandum
1196 1759 1240 1818 est
1259 1744 1305 1813 (tiit

346 1840 531 1919 Dominicaa,
556 1840 596 1907 ad
619 1861 713 1907 casus
736 1841 848 1916 utiles,
872 1861 936 1907 non
959 1840 1089 1907 inutiles
1113 1862 1194 1929 opus
1216 1846 1258 1906 est
1275 1829 1305 1899 rei

350 1928 454 1995 Conui.
472 1930 550 1996 Μ
573 1952 599 1995 o.
618 1928 661 1995 tt
684 1927 751 1995 oid
774 1953 804 1995 u.
820 1930 852 1995 d.
871 1929 905 1995 Si
928 1949 1002 1995 vero
1026 1928 1173 2004 Officium
1196 1919 1303 2019 aliqud

347 2028 443 2105 petuo
467 2016 726 2085 transferendum
748 2019 811 2096 sit,
844 2019 954 2105 nequit
976 2019 1088 2105 reponi
1111 2020 1144 2085 in
1169 2019 1218 2084 die
1239 2010 1305 2082 offio

348 2106 469 2173 libitum
491 2110 654 2193 assignata
677 2106 694 2193 (
705 2108 736 2173 S.
762 2107 799 2173 R.
826 2106 858 2173 G.
884 2108 922 2172 m
948 2105 1042 2174 Mart.
1068 2108 1151 2173 tom
1177 2109 1209 2173 iu
1231 2120 1284 2171 unu

346 2196 401 2262 SS.
417 2196 631 2287 Redemptoris
653 2195 695 2261 ud
710 2196 728 2262 7
738 2195 770 2281 );
787 2195 845 2261 sed
867 2196 900 2261 iu
924 2196 974 2261 die
998 2204 1070 2283 post
1086 2198 1177 2262 illam
1193 2190 1305 2283 pruritt

347 2285 511 2373 impedita,
534 2287 562 2353 si
585 2286 715 2372 quidem
738 2285 806 2350 haec
828 2293 979 2371 suppetat
1001 2287 1033 2351 in
1058 2287 1189 2372 proprio
1213 2281 1305 2374 Kalct

349 2394 441 2443 secus
458 2376 526 2443 dies
548 2376 620 2464 ipsa
636 2372 737 2442 Officii
760 2373 802 2439 od
824 2373 946 2440 libitum
962 2373 1071 2443 Officio
1100 2377 1194 2442 alteri
1216 2355 1305 2442 attss*

349 2466 420 2532 erit.
444 2466 540 2533 Rrrbr.
564 2462 666 2554 pecul.
689 2488 720 2529 n.
745 2464 819 2531 tus.
844 2463 984 2530 Rursum
1008 2465 1060 2530 ubi
1085 2466 1116 2530 in
1140 2466 1301 2550 singulo&

349 2574 408 2639 pro
436 2556 631 2642 repositione
666 2553 809 2619 omnium
832 2551 1037 2631 diductum,
1071 2573 1142 2639 qua
1177 2575 1236 2639 per
1279 2555 1305 2605 θ

349 2642 610 2719 transferuntur,
633 2642 782 2708 deficiant
804 2640 873 2707 dies
896 2643 987 2708 vacui
1012 2641 1084 2730 (nti
1109 2643 1194 2728 apud
1226 2645 1305 2708 noS

351 2737 401 2795 est
416 2733 550 2797 vetitum
567 2730 678 2796 diebus
701 2730 866 2816 occupatis
889 2731 929 2796 ab
945 2729 1054 2798 Officio
1077 2730 1119 2796 od
1142 2731 1266 2797 libitum

351 2818 481 2903 aliquod
504 2818 649 2885 Officium
673 2826 827 2905 perpetuo
850 2821 1065 2896 transtatnm3
1090 2820 1165 2906 quia
1188 2822 1217 2885 si
1251 2822 1305 2887 dc

351 2907 438 2971 modi
458 2909 616 2974 translato
645 2927 681 2972 ea
705 2907 756 2973 die
773 2908 851 2974 nihil
875 2908 939 2985 fiat,
963 2910 1144 2975 necessario
1162 2911 1305 2994 agendi]

352 2992 498 3062 Officium
526 2996 565 3062 de
588 2998 745 3062 translato
770 3017 828 3083 per
850 2996 1020 3073 accidens;
1053 3017 1155 3084 neque
1179 3001 1266 3064 enim

351 3083 479 3150 mittere
503 3083 649 3152 Officium
673 3084 712 3151 de
736 3095 920 3172 praecepto,
948 3096 983 3153 ut
1006 3087 1187 3153 celebretur
1219 3090 1293 3154 alte

352 3171 484 3251 libitum,
499 3173 769 3261 quemadmodum
783 3176 816 3240 in
833 3176 991 3263 superiori
1009 3176 1193 3262 parenthesi
1216 3174 1305 3243 cau!

351 3261 462 3349 ltaque
478 3283 551 3330 cum
569 3270 733 3349 protracta
757 3265 874 3350 prioris
891 3266 1102 3332 translatione
1119 3266 1209 3331 locus
1234 3277 1305 3352 aeq!

351 3349 462 3419 Officio
484 3352 527 3419 ud
548 3352 680 3430 libitum,
696 3360 866 3440 propterea
890 3374 953 3419 non
976 3354 1101 3420 videtur
1123 3354 1305 3421 interdicta·

351 3442 384 3506 in
407 3451 598 3530 perpetuum
622 3443 778 3508 translato
802 3443 976 3528 assignatio
1005 3443 1067 3509 diei
1090 3443 1131 3508 ab
1154 3441 1266 3510 Ossicio
1289 3465 1305 3507 ι

352 3539 419 3594 tum
441 3540 621 3619 occupatam
646 3531 816 3597 Decretum
840 3533 958 3619 quippe
981 3532 1042 3599 hoc
1065 3532 1240 3620 prohibens
1264 3527 1305 3599 ad

352 3619 470 3696 utiles,
492 3643 556 3687 uon
580 3621 709 3686 inutiles
732 3639 803 3686 sese
826 3622 983 3707 porrigit,
1016 3629 1050 3688 ut
1073 3622 1168 3707 paulo
1193 3620 1305 3687 antei

353 3707 512 3774 consimili
535 3707 826 3776 animadvertimus.
852 3709 993 3776 Diversis
1023 3711 1230 3776 nihilominus
1263 3731 1300 3775 ex

354 3804 508 3879 reguntur
530 3799 654 3883 legibus
671 3797 781 3865 Officia
803 3797 846 3864 nd
868 3798 991 3865 libitum
1014 3800 1054 3866 ab
1077 3800 1146 3886 ipsa
1170 3797 1202 3864 S.
1221 3798 1303 3864 Sede

353 3882 416 3947 diei
439 3884 552 3962 adfixa,
569 3887 596 3952 si
619 3887 647 3952 ei
672 3895 835 3954 constaret
851 3887 883 3952 in
900 3896 973 3954 actu
989 3888 1209 3955 Concessionis
1227 3889 1305 3954 diem

354 3974 504 4059 occupari
520 3972 560 4041 ab
577 3973 686 4042 Officio
702 3975 867 4043 recitando
885 3996 923 4042 ex
940 3986 1110 4066 praecepto.
1124 3976 1205 4043 'l'um
1222 3977 1305 4064 quipp

354 4070 490 4148 possunt
505 4083 595 4152 aeqne
618 4065 722 4132 omitti
745 4085 804 4154 pro
820 4065 923 4134 lubitu
931 4088 941 4144 ;
963 4066 1019 4133 sed
1036 4067 1165 4134 recitari
1189 4074 1305 4154 queunt
