3484 4875
546 535 721 584 annorrnna
736 535 822 583 inane
839 534 977 582 ocravan
991 535 1033 581 ss.
1049 535 1214 583 ramirans
1325 518 1388 586 tra

337 660 438 727 quam
461 640 511 708 die
534 642 640 719 Festo,
663 665 701 711 ac
724 643 774 709 die
797 640 926 718 Octava,
950 642 1121 709 dummodo
1145 642 1184 709 de
1206 642 1267 710 hac
1291 644 1407 711 recite-

337 739 392 795 tur
416 728 572 797 Officium.
589 734 620 798 S.
638 733 674 799 lt.
694 732 726 798 0.
745 734 763 798 5
779 730 856 817 Maj.
874 731 958 797 0756
982 731 1014 795 in
1035 731 1198 797 Elesidlen.
1216 742 1245 798 et
1262 732 1302 799 le
1319 733 1405 821 Sept.

339 819 425 884 laur
459 821 492 883 in
521 820 669 887 Valentio.
693 820 735 885 cd
766 821 795 885 5.
819 819 937 886 lliebus
967 840 1064 907 porro
1086 829 1175 887 sexta
1207 829 1239 888 ct
1266 821 1404 907 septima

337 905 425 973 inlra
448 906 622 986 Octavam,
646 911 673 976 si
697 910 820 976 nullum
843 916 991 975 occurrat
1014 908 1142 976 Festum
1167 909 1299 995 duplex,
1322 929 1406 997 prae·
1489 932 1490 935 ¹

338 996 496 1063 scribitur
510 995 655 1064 Officium
679 998 717 1063 de
740 997 880 1063 secunda
903 1006 935 1063 et
959 999 1051 1063 tertia
1075 996 1125 1063 dic
1149 996 1231 1064 inira
1253 996 1405 1065 Octavam

338 1082 396 1149 88.
415 1083 566 1170 Corporis
588 1086 716 1163 Christi,
733 1105 806 1152 cum
829 1087 1130 1152 commemoratione
1153 1085 1210 1151 88.
1226 1085 1405 1153 Trinitatis,
1514 1128 1517 1134 -

337 1173 370 1237 S.
395 1172 433 1237 R.
453 1173 485 1239 0.
510 1176 529 1241 6
552 1175 625 1241 Jnn.
651 1175 736 1242 5709
761 1178 792 1239 in
813 1174 1002 1241 Brccbcren.
1026 1174 1067 1239 od
1090 1175 1109 1238 5
1134 1185 1162 1239 et
1185 1174 1281 1240 Rubr.
1302 1175 1407 1262 pecul.

337 1282 369 1325 n.
395 1261 448 1326 52.
473 1262 552 1329 Item
576 1263 700 1330 duobus
724 1264 811 1329 bisce
834 1263 945 1329 diebus
968 1261 1115 1329 Praelatio
1139 1265 1200 1329 erit
1223 1263 1262 1329 de
1285 1261 1406 1329 Octava
1463 1326 1465 1332 .

339 1347 492 1433 Corporis
520 1351 658 1428 Christi,
689 1353 750 1418 nisi
779 1352 909 1418 Festum
940 1352 1068 1438 aliquod
1102 1351 1283 1419 celebretur
1317 1352 1404 1437 quod

337 1435 530 1505 Praelatione
546 1442 675 1527 propria
698 1441 867 1526 praeditum
891 1442 947 1515 sit;
972 1442 1044 1528 quia
1060 1438 1178 1507 Octava
1201 1441 1312 1506 isthaec
1329 1439 1407 1506 Cor·

338 1527 429 1611 poris
452 1527 579 1605 Christi,
603 1537 712 1616 utpote
736 1531 901 1616 privilegio
924 1532 1093 1605 excellens,
1110 1528 1237 1596 Octavm
1260 1528 1316 1595 SS.
1334 1528 1405 1594 'lci-

338 1614 451 1680 nitatis
481 1616 666 1684 antefertur.
702 1618 914 1684 Nihilominus
945 1620 1018 1705 quia
1048 1618 1115 1683 dies
1139 1615 1257 1684 Octava
1279 1618 1407 1685 ratione

337 1703 423 1767 ritus
452 1704 650 1790 praeferenda
680 1715 729 1773 est
758 1707 930 1774 [lominica
959 1705 1042 1773 inira
1072 1705 1224 1773 Octavam
1254 1706 1405 1792 Corporis

339 1789 481 1868 Christi,
511 1794 631 1860 idcirco
660 1796 692 1861 in
721 1797 776 1860 illa
806 1794 954 1861 Praelatio
984 1797 1044 1861 erit
1074 1795 1114 1861 de
1143 1794 1200 1861 88.
1228 1795 1409 1873 Trinitate,

341 1882 489 1965 quamvis
513 1882 551 1948 de
574 1884 630 1949 illa
660 1883 728 1972 (ob
753 1904 922 1950 occursum
946 1884 1030 1949 Festi
1062 1884 1198 1971 duplicis
1226 1885 1338 1970 primae
1361 1884 1411 1949 vel

339 1970 491 2035 secundae
522 1971 661 2059 classis)
689 1973 779 2039 fieret
807 1974 971 2040 dumtaxat
1002 1974 1277 2038 commemoratio.
1302 1971 1412 2059 Relepe

340 2078 366 2124 c.
392 2057 413 2123 2
437 2081 467 2123 o.
486 2060 538 2124 55.
555 2061 596 2125 At
619 2081 711 2126 secus
735 2062 860 2146 accidit,
885 2062 939 2127 ubi
960 2061 1125 2126 Dominica
1148 2060 1230 2126 inlra
1255 2059 1410 2127 Octavam

340 2146 492 2231 Corporis
516 2148 631 2215 Christi
655 2170 692 2215 ex
715 2150 879 2236 privilegio
903 2169 966 2214 non
989 2148 1129 2214 admittit
1152 2150 1213 2214 nisi
1237 2148 1333 2214 Festa
1356 2147 1411 2215 dn·

340 2235 439 2319 plicia
462 2237 574 2322 primoe
591 2239 717 2314 classis;
735 2238 795 2303 hoc
811 2239 928 2324 quippe
951 2237 983 2302 in
1007 2256 1082 2302 casu
1099 2239 1169 2323 ipsa
1185 2237 1411 2323 praelationem

341 2322 405 2387 sibi
430 2324 570 2392 vindicat
593 2347 690 2413 supra
714 2327 797 2392 diem
819 2328 909 2391 illam
932 2324 1051 2391 Octava
1060 2345 1101 2391 m.

411 2412 441 2478 5.
465 2413 556 2480 l'eria
574 2424 687 2501 quarta
703 2425 776 2502 post
790 2415 988 2481 Dominicam
1004 2413 1060 2480 88.
1077 2412 1255 2489 Trinitatis,
1271 2412 1303 2479 in
1328 2408 1409 2478 llar-

341 2508 354 2564 t
377 2502 502 2587 rologio
525 2506 628 2589 primo
651 2506 722 2571 loco
746 2507 862 2589 legitur
885 2502 1011 2569 Festum
1034 2503 1087 2568 88.
1114 2503 1260 2592 Corporis
1285 2501 1409 2567 Christi.

370 2609 493 2675 espcrae
516 2592 555 2658 de
578 2596 723 2679 sequenti
739 2594 948 2660 Solemnitate
964 2599 1038 2657 sunt
1055 2592 1202 2677 propriae.
1219 2590 1255 2656 ln
1278 2589 1412 2677 Hymnis

343 2675 559 2764 Vesperarum
591 2692 623 2748 et
645 2683 789 2749 haudum
821 2683 861 2748 ad
884 2681 1049 2766 stropham
1078 2679 1209 2745 Tantam
1234 2699 1305 2766 erpo
1328 2684 1361 2742 et
1387 2677 1437 2743 0,

342 2766 491 2833 saluteris
507 2769 615 2836 Hostia
639 2772 873 2856 genuflectitur,
890 2773 917 2837 si
941 2768 997 2836 88.
1015 2769 1257 2835 Sacramentum
1282 2769 1313 2834 in
1337 2786 1412 2852 quo·

343 2855 429 2939 piam
454 2857 556 2923 Altari
579 2862 757 2945 expositum
773 2862 825 2934 sit;
849 2880 953 2937 secus,
977 2858 1200 2944 genuflectitur
1222 2863 1358 2931 tanturn,
1383 2855 1411 2920 si

343 2944 377 3008 in
393 2944 504 3011 -Altari
525 2956 602 3013 ante
625 2949 764 3015 Chorum
796 2949 880 3015 adsit
902 2951 934 3015 in
958 2948 1176 3013 Tabernaculo
1200 2945 1416 3029 reconditum.¹

344 3029 496 3099 Clausula
520 3036 551 3100 in
576 3038 646 3102 aliis
668 3038 800 3126 Hymnis
823 3036 962 3125 estlcsn
986 3037 1040 3102 tibi
1060 3038 1098 3100 sit
1119 3035 1231 3122 ploric,
1247 3037 1302 3122 qni
1321 3033 1419 3099 natvs

344 3128 408 3187 etc.
425 3141 483 3205 per
508 3131 606 3191 totam
623 3125 784 3193 Octavam.
802 3127 932 3191 Attende
954 3148 1025 3213 qnoe
1047 3125 1261 3189 annotavimus
1277 3124 1308 3188 in
1331 3121 1413 3187 diem

343 3208 387 3273 65
411 3210 483 3277 lon.
506 3236 537 3277 n.
560 3213 616 3279 lV.
641 3215 849 3299 Indulgentiae
873 3235 891 3279 a
915 3215 1055 3280 Summis
1083 3213 1288 3278 Pontificibus
1312 3209 1411 3275 Urba·

343 3317 386 3363 no
411 3297 462 3374 lV,
485 3300 662 3368 llartinoV
685 3315 717 3370 et
741 3304 880 3388 Cugenin
904 3303 945 3368 lV
968 3321 1127 3368 concessa
1150 3302 1200 3377 iis,
1224 3301 1277 3386 qui
1301 3298 1412 3363 llivino

344 3383 456 3452 Ollicio
480 3396 512 3453 et
533 3390 638 3457 Missae
659 3393 819 3458 intersunt
849 3393 882 3456 in
904 3391 999 3458 Festo
1031 3411 1068 3457 ac
1099 3410 1156 3476 per
1178 3387 1330 3460 Octavam
1355 3385 1411 3452 88.

344 3473 496 3561 Corporis
519 3477 646 3557 Christi,
661 3483 778 3557 valent,
794 3501 832 3546 ox
854 3480 990 3546 Decreto
1012 3480 1143 3544 loannis
1166 3475 1263 3553 XXII,
1285 3475 1411 3542 etiamsi

345 3560 491 3631 Officium
520 3566 559 3633 de
582 3569 708 3635 Sanctis
740 3568 982 3636 occurrentibus
1015 3568 1224 3654 persolvatur.
1248 3563 1413 3652 Ejusmodi

345 3664 551 3738 perrosum,
576 3657 735 3724 videlicet:
761 3658 952 3724 Festivitatis
977 3655 1027 3722 die
1073 3677 1108 3721 ro
1123 3656 1284 3741 Vesperis,
1309 3653 1410 3718 illatu-

345 3741 414 3805 tino
438 3751 470 3808 et
492 3744 586 3811 llissa
610 3748 766 3823 seorsim,
798 3745 932 3812 totidem
955 3745 1020 3810 loo
1044 3677 1189 3820 dierum
1214 3743 1277 3810 loo
1306 3749 1413 3808 autem

347 3828 472 3897 dierum
503 3853 561 3919 pro
585 3836 727 3921 qualibet
758 3856 796 3901 ex
818 3835 936 3900 ceteris
959 3834 1062 3900 Horis
1086 3833 1148 3898 Pro
1180 3833 1314 3918 singulis
1338 3849 1428 3917 vero

346 3917 520 3998 llatutinis,
536 3922 685 4011 Vesperis
702 3932 734 3990 et
748 3924 852 3990 Missis
868 3921 950 3989 inlra
967 3920 1129 3998 Octavam,
1145 3921 1225 3997 ‘2003
1244 3940 1302 4007 pro
1319 3918 1413 3985 Horis

347 4010 480 4098 reliquis
504 4012 546 4078 60
570 4011 704 4079 dierum.
728 4013 822 4102 Apud
840 4012 944 4079 Caret.
969 4020 1009 4077 to.
1032 4011 1052 4076 6
1077 4031 1104 4076 c.
1128 4009 1169 4076 lb
1193 4008 1223 4075 d.
1247 4010 1266 4074 5
1291 4031 1321 4074 n.
1346 4008 1376 4072 5.
1419 4087 1424 4095 Ι

413 4101 445 4170 l.
471 4099 663 4169 Solemnitas
695 4099 752 4170 88.
775 4101 926 4191 Corporis
949 4099 1067 4172 Christi
1089 4105 1139 4166 est
1162 4096 1278 4186 duplex
1300 4096 1418 4185 primm¹
