<?xml version="1.0" encoding="UTF-8"?>
<!DOCTYPE html PUBLIC "-//W3C//DTD XHTML 1.0 Transitional//EN"
    "http://www.w3.org/TR/xhtml1/DTD/xhtml1-transitional.dtd">
<html xmlns="http://www.w3.org/1999/xhtml" xml:lang="en" lang="en">
 <head>
  <title>
</title>
<meta http-equiv="Content-Type" content="text/html;charset=utf-8" />
  <meta name='ocr-system' content='tesseract 3.04.00' />
  <meta name='ocr-capabilities' content='ocr_page ocr_carea ocr_par ocr_line ocrx_word'/>
</head>
<body>
  <div class='ocr_page' id='page_1' title='image "./kalendariumperp00carpgoog_0257.png"; bbox 0 0 3484 4875; ppageno 0'>
   <div class='ocr_carea' id='block_1_1' title="bbox 367 500 1174 568">
    <p class='ocr_par' dir='ltr' id='par_1_1' title="bbox 367 500 1174 568">
     <span class='ocr_line' id='line_1_1' title="bbox 367 500 1174 568; baseline 0 -2"><span class='ocrx_word' id='word_1_1' title='bbox 367 500 433 567; x_wconf 70' lang='lat' dir='ltr'><strong>‘ill</strong></span> <span class='ocrx_word' id='word_1_2' title='bbox 586 512 758 568; x_wconf 70' lang='lat' dir='ltr'><strong>amorium</strong></span> <span class='ocrx_word' id='word_1_3' title='bbox 773 521 804 566; x_wconf 83' lang='lat' dir='ltr'><strong>m</strong></span> <span class='ocrx_word' id='word_1_4' title='bbox 819 521 1020 567; x_wconf 78' lang='lat' dir='ltr'><strong>nnooounoru</strong></span> <span class='ocrx_word' id='word_1_5' title='bbox 1034 521 1174 567; x_wconf 80' lang='lat' dir='ltr'><strong>unronnn</strong></span> 
     </span>
    </p>
   </div>
   <div class='ocr_carea' id='block_1_2' title="bbox 343 624 1378 1600">
    <p class='ocr_par' dir='ltr' id='par_1_2' title="bbox 344 624 1378 1335">
     <span class='ocr_line' id='line_1_2' title="bbox 346 624 1373 714; baseline 0 -24"><span class='ocrx_word' id='word_1_6' title='bbox 346 625 433 692; x_wconf 92' lang='lat' dir='ltr'><strong>denti</strong></span> <span class='ocrx_word' id='word_1_7' title='bbox 455 626 697 714; x_wconf 86' lang='lat' dir='ltr'><strong>exposuimus),</strong></span> <span class='ocrx_word' id='word_1_8' title='bbox 721 628 810 693; x_wconf 90' lang='lat' dir='ltr'><strong>color</strong></span> <span class='ocrx_word' id='word_1_9' title='bbox 832 634 882 692; x_wconf 92' lang='lat' dir='ltr'><strong>est</strong></span> <span class='ocrx_word' id='word_1_10' title='bbox 904 626 1014 702; x_wconf 90' lang='lat' dir='ltr'><strong>albus,</strong></span> <span class='ocrx_word' id='word_1_11' title='bbox 1037 647 1102 693; x_wconf 92' lang='lat' dir='ltr'><strong>non</strong></span> <span class='ocrx_word' id='word_1_12' title='bbox 1126 626 1243 692; x_wconf 90' lang='lat' dir='ltr'><strong>dicitur</strong></span> <span class='ocrx_word' id='word_1_13' title='bbox 1257 624 1373 698; x_wconf 72' lang='lat' dir='ltr'><strong>l&#39;salmuo¹</strong></span> 
     </span>
     <span class='ocr_line' id='line_1_3' title="bbox 345 714 1378 794; baseline 0 -15"><span class='ocrx_word' id='word_1_14' title='bbox 345 715 469 794; x_wconf 78' lang='lat' dir='ltr'><strong>ludica,</strong></span> <span class='ocrx_word' id='word_1_15' title='bbox 493 725 551 781; x_wconf 84' lang='lat' dir='ltr'><strong>nec</strong></span> <span class='ocrx_word' id='word_1_16' title='bbox 577 716 681 781; x_wconf 78' lang='lat' dir='ltr'><em>Gloria</em></span> <span class='ocrx_word' id='word_1_17' title='bbox 705 715 794 781; x_wconf 88' lang='lat' dir='ltr'><strong>Potri</strong></span> <span class='ocrx_word' id='word_1_18' title='bbox 815 715 854 781; x_wconf 91' lang='lat' dir='ltr'><strong>ad</strong></span> <span class='ocrx_word' id='word_1_19' title='bbox 878 714 1046 781; x_wconf 89' lang='lat' dir='ltr'><strong>Introitum</strong></span> <span class='ocrx_word' id='word_1_20' title='bbox 1064 715 1153 782; x_wconf 89' lang='lat' dir='ltr'><strong>etad</strong></span> <span class='ocrx_word' id='word_1_21' title='bbox 1170 715 1320 781; x_wconf 89' lang='lat' dir='ltr'><strong>Psalmum</strong></span> <span class='ocrx_word' id='word_1_22' title='bbox 1353 748 1378 776; x_wconf 60' lang='grc' dir='ltr'><strong>,ι</strong></span> 
     </span>
     <span class='ocr_line' id='line_1_4' title="bbox 346 801 1376 891; baseline 0 -24"><span class='ocrx_word' id='word_1_23' title='bbox 346 805 432 871; x_wconf 83' lang='grc' dir='ltr'>ααθα.</span> <span class='ocrx_word' id='word_1_24' title='bbox 456 805 504 870; x_wconf 81' lang='lat' dir='ltr'><strong>dd</strong></span> <span class='ocrx_word' id='word_1_25' title='bbox 531 804 637 870; x_wconf 80' lang='lat' dir='ltr'><em>Gloria</em></span> <span class='ocrx_word' id='word_1_26' title='bbox 653 806 682 869; x_wconf 78' lang='lat' dir='ltr'><strong>iu</strong></span> <span class='ocrx_word' id='word_1_27' title='bbox 700 804 825 870; x_wconf 81' lang='lat' dir='ltr'><strong>excelsis</strong></span> <span class='ocrx_word' id='word_1_28' title='bbox 846 804 1016 891; x_wconf 81' lang='lat' dir='ltr'>pulsantur</span> <span class='ocrx_word' id='word_1_29' title='bbox 1032 801 1161 889; x_wconf 84' lang='lat' dir='ltr'>Organa</span> <span class='ocrx_word' id='word_1_30' title='bbox 1177 809 1211 869; x_wconf 90' lang='lat' dir='ltr'><strong>et</strong></span> <span class='ocrx_word' id='word_1_31' title='bbox 1227 802 1357 889; x_wconf 88' lang='lat' dir='ltr'><strong>Campan</strong></span> <span class='ocrx_word' id='word_1_32' title='bbox 1375 841 1376 846; x_wconf 28' lang='grc' dir='ltr'>ι</span> 
     </span>
     <span class='ocr_line' id='line_1_5' title="bbox 346 892 1358 981; baseline -0.003 -22"><span class='ocrx_word' id='word_1_33' title='bbox 346 913 416 979; x_wconf 81' lang='lat' dir='ltr'><strong>quoe</strong></span> <span class='ocrx_word' id='word_1_34' title='bbox 440 892 588 981; x_wconf 79' lang='lat' dir='ltr'>deinceps</span> <span class='ocrx_word' id='word_1_35' title='bbox 611 893 706 959; x_wconf 90' lang='lat' dir='ltr'><strong>silent</strong></span> <span class='ocrx_word' id='word_1_36' title='bbox 730 892 893 979; x_wconf 89' lang='lat' dir='ltr'><strong>usquead</strong></span> <span class='ocrx_word' id='word_1_37' title='bbox 916 892 1090 959; x_wconf 86' lang='lat' dir='ltr'><strong>Sabbatum</strong></span> <span class='ocrx_word' id='word_1_38' title='bbox 1115 900 1283 969; x_wconf 84' lang='lat' dir='ltr'><strong>sanctum,</strong></span> <span class='ocrx_word' id='word_1_39' title='bbox 1307 892 1358 957; x_wconf 90' lang='lat' dir='ltr'><strong>nn&#39;</strong></span> 
     </span>
     <span class='ocr_line' id='line_1_6' title="bbox 345 979 1294 1070; baseline -0.003 -24"><span class='ocrx_word' id='word_1_40' title='bbox 345 983 464 1066; x_wconf 80' lang='lat' dir='ltr'><strong>legitur</strong></span> <span class='ocrx_word' id='word_1_41' title='bbox 486 979 595 1048; x_wconf 77' lang='lat' dir='ltr'><strong>Oratio</strong></span> <span class='ocrx_word' id='word_1_42' title='bbox 618 982 776 1070; x_wconf 75' lang='lat' dir='ltr'><strong><em>(exclusis</em></strong></span> <span class='ocrx_word' id='word_1_43' title='bbox 801 981 977 1067; x_wconf 73' lang='lat' dir='ltr'><strong>Colimus),</strong></span> <span class='ocrx_word' id='word_1_44' title='bbox 1000 983 1156 1048; x_wconf 89' lang='lat' dir='ltr'><strong>recitatur</strong></span> <span class='ocrx_word' id='word_1_45' title='bbox 1181 981 1294 1056; x_wconf 87' lang='lat' dir='ltr'><strong>Credo,</strong></span> 
     </span>
     <span class='ocr_line' id='line_1_7' title="bbox 345 1070 1318 1157; baseline 0 -23"><span class='ocrx_word' id='word_1_46' title='bbox 345 1070 422 1137; x_wconf 88' lang='lat' dir='ltr'><strong>latio</strong></span> <span class='ocrx_word' id='word_1_47' title='bbox 446 1070 485 1137; x_wconf 88' lang='lat' dir='ltr'><strong>de</strong></span> <span class='ocrx_word' id='word_1_48' title='bbox 508 1070 618 1147; x_wconf 90' lang='lat' dir='ltr'><strong>Cruce,</strong></span> <span class='ocrx_word' id='word_1_49' title='bbox 645 1070 920 1146; x_wconf 62' lang='lat' dir='ltr'><strong>Commodianus,</strong></span> <span class='ocrx_word' id='word_1_50' title='bbox 943 1070 1031 1136; x_wconf 84' lang='lat' dir='ltr'><strong>lione</strong></span> <span class='ocrx_word' id='word_1_51' title='bbox 1055 1072 1153 1157; x_wconf 76' lang='lat' dir='ltr'><strong>ipitur</strong></span> <span class='ocrx_word' id='word_1_52' title='bbox 1175 1078 1208 1136; x_wconf 90' lang='lat' dir='ltr'><strong>et</strong></span> <span class='ocrx_word' id='word_1_53' title='bbox 1226 1070 1283 1147; x_wconf 77' lang='lat' dir='ltr'><strong>cot</strong></span> <span class='ocrx_word' id='word_1_54' title='bbox 1298 1090 1318 1157; x_wconf 85' lang='lat' dir='ltr'><strong>p</strong></span> 
     </span>
     <span class='ocr_line' id='line_1_8' title="bbox 344 1159 1280 1246; baseline -0.003 -22"><span class='ocrx_word' id='word_1_55' title='bbox 344 1161 484 1246; x_wconf 84' lang='lat' dir='ltr'><strong>propria.</strong></span> <span class='ocrx_word' id='word_1_56' title='bbox 508 1160 584 1225; x_wconf 84' lang='lat' dir='ltr'><strong>Duae</strong></span> <span class='ocrx_word' id='word_1_57' title='bbox 608 1169 836 1226; x_wconf 90' lang='lat' dir='ltr'><strong>consecrantur</strong></span> <span class='ocrx_word' id='word_1_58' title='bbox 858 1159 994 1235; x_wconf 86' lang='lat' dir='ltr'><strong>Hostiae,</strong></span> <span class='ocrx_word' id='word_1_59' title='bbox 1017 1180 1155 1246; x_wconf 90' lang='lat' dir='ltr'><strong>quarum</strong></span> <span class='ocrx_word' id='word_1_60' title='bbox 1178 1160 1353 1225; x_wconf 86' lang='lat' dir='ltr'><strong>altera</strong></span> 
     </span>
     <span class='ocr_line' id='line_1_9' title="bbox 344 1248 1319 1335; baseline -0.001 -23"><span class='ocrx_word' id='word_1_61' title='bbox 344 1257 438 1315; x_wconf 80' lang='lat' dir='ltr'><strong>vatur</strong></span> <span class='ocrx_word' id='word_1_62' title='bbox 459 1249 492 1314; x_wconf 94' lang='lat' dir='ltr'><strong>in</strong></span> <span class='ocrx_word' id='word_1_63' title='bbox 515 1248 598 1314; x_wconf 89' lang='lat' dir='ltr'><strong>diem</strong></span> <span class='ocrx_word' id='word_1_64' title='bbox 622 1249 818 1324; x_wconf 90' lang='lat' dir='ltr'><strong>crastinum,</strong></span> <span class='ocrx_word' id='word_1_65' title='bbox 846 1268 909 1334; x_wconf 77' lang='lat' dir='ltr'><strong>quic</strong></span> <span class='ocrx_word' id='word_1_66' title='bbox 933 1268 1046 1335; x_wconf 82' lang='lat' dir='ltr'><strong>nempe</strong></span> <span class='ocrx_word' id='word_1_67' title='bbox 1069 1268 1134 1314; x_wconf 89' lang='lat' dir='ltr'><strong>non</strong></span> <span class='ocrx_word' id='word_1_68' title='bbox 1159 1248 1319 1314; x_wconf 86' lang='lat' dir='ltr'><strong>coniicitur</strong></span> 
     </span>
    </p>

    <p class='ocr_par' dir='ltr' id='par_1_3' title="bbox 343 1337 1368 1600">
     <span class='ocr_line' id='line_1_10' title="bbox 344 1337 1354 1423; baseline -0.004 -20"><span class='ocrx_word' id='word_1_69' title='bbox 344 1345 564 1415; x_wconf 72' lang='lat' dir='ltr'>crumentum,</span> <span class='ocrx_word' id='word_1_70' title='bbox 587 1338 726 1423; x_wconf 75' lang='lat' dir='ltr'><strong>itemque</strong></span> <span class='ocrx_word' id='word_1_71' title='bbox 750 1338 915 1423; x_wconf 75' lang='lat' dir='ltr'><strong>particulae</strong></span> <span class='ocrx_word' id='word_1_72' title='bbox 939 1337 1060 1423; x_wconf 75' lang='lat' dir='ltr'><strong>aliquot</strong></span> <span class='ocrx_word' id='word_1_73' title='bbox 1083 1345 1279 1403; x_wconf 79' lang='lat' dir='ltr'><strong>consecrate</strong></span> <span class='ocrx_word' id='word_1_74' title='bbox 1300 1355 1354 1399; x_wconf 61' lang='lat' dir='ltr'><strong>rao</strong></span> 
     </span>
     <span class='ocr_line' id='line_1_11' title="bbox 345 1425 1332 1513; baseline -0.012 -23"><span class='ocrx_word' id='word_1_75' title='bbox 345 1434 481 1503; x_wconf 87' lang='lat' dir='ltr'><strong>vantur,</strong></span> <span class='ocrx_word' id='word_1_76' title='bbox 512 1428 539 1492; x_wconf 93' lang='lat' dir='ltr'><strong>si</strong></span> <span class='ocrx_word' id='word_1_77' title='bbox 570 1446 650 1513; x_wconf 93' lang='lat' dir='ltr'><strong>opus</strong></span> <span class='ocrx_word' id='word_1_78' title='bbox 682 1425 797 1504; x_wconf 86' lang='lat' dir='ltr'><strong>luerit,</strong></span> <span class='ocrx_word' id='word_1_79' title='bbox 829 1446 888 1511; x_wconf 92' lang='lat' dir='ltr'><strong>pro</strong></span> <span class='ocrx_word' id='word_1_80' title='bbox 917 1425 1061 1492; x_wconf 87' lang='lat' dir='ltr'><strong>infirmis.</strong></span> <span class='ocrx_word' id='word_1_81' title='bbox 1086 1425 1227 1491; x_wconf 77' lang='lat' dir='ltr'>Additur</span> <span class='ocrx_word' id='word_1_82' title='bbox 1250 1425 1287 1490; x_wconf 92' lang='lat' dir='ltr'><strong>de</strong></span> <span class='ocrx_word' id='word_1_83' title='bbox 1320 1436 1368 1482; x_wconf 91' lang='grc' dir='ltr'>ιιι·</span> 
     </span>
     <span class='ocr_line' id='line_1_12' title="bbox 343 1512 1323 1600; baseline -0.002 -21"><span class='ocrx_word' id='word_1_84' title='bbox 343 1514 449 1600; x_wconf 78' lang='lat' dir='ltr'><strong>Apous</strong></span> <span class='ocrx_word' id='word_1_85' title='bbox 472 1514 539 1592; x_wconf 88' lang='lat' dir='ltr'><strong>Dei,</strong></span> <span class='ocrx_word' id='word_1_86' title='bbox 563 1515 619 1581; x_wconf 93' lang='lat' dir='ltr'><strong>sed</strong></span> <span class='ocrx_word' id='word_1_87' title='bbox 642 1535 704 1600; x_wconf 81' lang='lat' dir='ltr'><strong>pax</strong></span> <span class='ocrx_word' id='word_1_88' title='bbox 727 1535 789 1580; x_wconf 92' lang='lat' dir='ltr'><strong>non</strong></span> <span class='ocrx_word' id='word_1_89' title='bbox 814 1514 917 1581; x_wconf 89' lang='lat' dir='ltr'><strong>datur.</strong></span> <span class='ocrx_word' id='word_1_90' title='bbox 941 1514 993 1580; x_wconf 81' lang='lat' dir='ltr'><strong>Fit</strong></span> <span class='ocrx_word' id='word_1_91' title='bbox 1015 1514 1205 1580; x_wconf 82' lang='lat' dir='ltr'><strong>Communia</strong></span> <span class='ocrx_word' id='word_1_92' title='bbox 1237 1512 1323 1579; x_wconf 80' lang='lat' dir='ltr'><strong>Cleri.</strong></span> 
     </span>
    </p>
   </div>
   <div class='ocr_carea' id='block_1_3' title="bbox 232 1603 1336 1689">
    <p class='ocr_par' dir='ltr' id='par_1_4' title="bbox 232 1603 1336 1689">
     <span class='ocr_line' id='line_1_13' title="bbox 232 1603 1336 1689; baseline 0.003 -25"><span class='ocrx_word' id='word_1_93' title='bbox 232 1657 235 1664; x_wconf 93' lang='lat'><em>.</em></span> <span class='ocrx_word' id='word_1_94' title='bbox 344 1603 472 1669; x_wconf 90' lang='lat' dir='ltr'><strong>lebrans</strong></span> <span class='ocrx_word' id='word_1_95' title='bbox 497 1605 529 1670; x_wconf 94' lang='lat' dir='ltr'><strong>in</strong></span> <span class='ocrx_word' id='word_1_96' title='bbox 553 1604 613 1669; x_wconf 89' lang='lat' dir='ltr'><strong>doe</strong></span> <span class='ocrx_word' id='word_1_97' title='bbox 636 1605 739 1669; x_wconf 85' lang='lat' dir='ltr'><strong>Missae</strong></span> <span class='ocrx_word' id='word_1_98' title='bbox 762 1603 1015 1669; x_wconf 75' lang='lat' dir='ltr'><strong>benedictionem</strong></span> <span class='ocrx_word' id='word_1_99' title='bbox 1036 1603 1182 1689; x_wconf 91' lang='lat' dir='ltr'><strong>impertit</strong></span> <span class='ocrx_word' id='word_1_100' title='bbox 1207 1603 1336 1672; x_wconf 82' lang='lat' dir='ltr'><strong>elatem</strong></span> 
     </span>
    </p>
   </div>
   <div class='ocr_carea' id='block_1_4' title="bbox 265 1691 1392 3736">
    <p class='ocr_par' dir='ltr' id='par_1_5' title="bbox 265 1691 1392 3736">
     <span class='ocr_line' id='line_1_14' title="bbox 345 1691 1355 1778; baseline 0.002 -24"><span class='ocrx_word' id='word_1_101' title='bbox 345 1693 503 1776; x_wconf 83' lang='lat' dir='ltr'><strong>vangelii,</strong></span> <span class='ocrx_word' id='word_1_102' title='bbox 535 1699 567 1757; x_wconf 91' lang='lat' dir='ltr'><strong>et</strong></span> <span class='ocrx_word' id='word_1_103' title='bbox 597 1713 661 1759; x_wconf 91' lang='lat' dir='ltr'><strong>non</strong></span> <span class='ocrx_word' id='word_1_104' title='bbox 693 1692 816 1778; x_wconf 89' lang='lat' dir='ltr'><strong>perlicit</strong></span> <span class='ocrx_word' id='word_1_105' title='bbox 846 1692 1024 1766; x_wconf 89' lang='lat' dir='ltr'><strong>circulum;</strong></span> <span class='ocrx_word' id='word_1_106' title='bbox 1048 1691 1088 1757; x_wconf 86' lang='lat' dir='ltr'><strong>ad</strong></span> <span class='ocrx_word' id='word_1_107' title='bbox 1111 1692 1316 1775; x_wconf 80' lang='lat' dir='ltr'><strong>Evangelium</strong></span> <span class='ocrx_word' id='word_1_108' title='bbox 1338 1719 1355 1747; x_wconf 75' lang='lat' dir='ltr'><strong>c</strong></span> 
     </span>
     <span class='ocr_line' id='line_1_15' title="bbox 344 1776 1358 1867; baseline 0.001 -24"><span class='ocrx_word' id='word_1_109' title='bbox 344 1781 450 1863; x_wconf 76' lang='lat' dir='ltr'><strong>signat</strong></span> <span class='ocrx_word' id='word_1_110' title='bbox 472 1781 592 1853; x_wconf 79' lang='lat' dir='ltr'><strong>ditare,</strong></span> <span class='ocrx_word' id='word_1_111' title='bbox 614 1780 671 1847; x_wconf 89' lang='lat' dir='ltr'><strong>sed</strong></span> <span class='ocrx_word' id='word_1_112' title='bbox 694 1783 834 1867; x_wconf 88' lang='lat' dir='ltr'><strong>seipsum</strong></span> <span class='ocrx_word' id='word_1_113' title='bbox 857 1789 982 1847; x_wconf 88' lang='lat' dir='ltr'><strong>tantum</strong></span> <span class='ocrx_word' id='word_1_114' title='bbox 1005 1788 1037 1846; x_wconf 91' lang='lat' dir='ltr'><strong>et</strong></span> <span class='ocrx_word' id='word_1_115' title='bbox 1059 1780 1238 1857; x_wconf 74' lang='lat' dir='ltr'><strong>labellum,</strong></span> <span class='ocrx_word' id='word_1_116' title='bbox 1261 1781 1287 1846; x_wconf 91' lang='lat' dir='ltr'><strong>si</strong></span> <span class='ocrx_word' id='word_1_117' title='bbox 1307 1776 1358 1844; x_wconf 62' lang='lat' dir='ltr'><strong>at’tc</strong></span> 
     </span>
     <span class='ocr_line' id='line_1_16' title="bbox 344 1867 1329 1936; baseline 0 -4"><span class='ocrx_word' id='word_1_118' title='bbox 344 1868 421 1933; x_wconf 83' lang='lat' dir='ltr'><strong>Post</strong></span> <span class='ocrx_word' id='word_1_119' title='bbox 444 1869 572 1934; x_wconf 86' lang='lat' dir='ltr'><strong>Missam</strong></span> <span class='ocrx_word' id='word_1_120' title='bbox 595 1870 761 1936; x_wconf 88' lang='lat' dir='ltr'><strong>Processio</strong></span> <span class='ocrx_word' id='word_1_121' title='bbox 785 1868 841 1935; x_wconf 88' lang='lat' dir='ltr'><strong>SS.</strong></span> <span class='ocrx_word' id='word_1_122' title='bbox 865 1869 1065 1936; x_wconf 88' lang='lat' dir='ltr'><strong>Sacramenti</strong></span> <span class='ocrx_word' id='word_1_123' title='bbox 1088 1870 1268 1935; x_wconf 82' lang='lat' dir='ltr'><strong>instituitur</strong></span> <span class='ocrx_word' id='word_1_124' title='bbox 1295 1867 1329 1933; x_wconf 89' lang='lat' dir='ltr'><strong>ad</strong></span> 
     </span>
     <span class='ocr_line' id='line_1_17' title="bbox 345 1953 1366 2044; baseline -0.001 -24"><span class='ocrx_word' id='word_1_125' title='bbox 345 1977 417 2022; x_wconf 89' lang='lat' dir='ltr'><strong>cnm</strong></span> <span class='ocrx_word' id='word_1_126' title='bbox 442 1966 668 2044; x_wconf 76' lang='lat' dir='ltr'><strong>preparatum,</strong></span> <span class='ocrx_word' id='word_1_127' title='bbox 692 1958 745 2024; x_wconf 90' lang='lat' dir='ltr'><strong>ubi</strong></span> <span class='ocrx_word' id='word_1_128' title='bbox 761 1958 845 2024; x_wconf 88' lang='lat' dir='ltr'><strong>idem</strong></span> <span class='ocrx_word' id='word_1_129' title='bbox 860 1957 937 2024; x_wconf 92' lang='lat' dir='ltr'><strong>Ven.</strong></span> <span class='ocrx_word' id='word_1_130' title='bbox 955 1957 1201 2025; x_wconf 80' lang='lat' dir='ltr'><strong>Sacramentum</strong></span> <span class='ocrx_word' id='word_1_131' title='bbox 1220 1979 1274 2044; x_wconf 92' lang='lat' dir='ltr'><strong>pro</strong></span> <span class='ocrx_word' id='word_1_132' title='bbox 1293 1953 1366 2021; x_wconf 84' lang='lat' dir='ltr'><strong>cras‘</strong></span> 
     </span>
     <span class='ocr_line' id='line_1_18' title="bbox 345 2046 1375 2133; baseline 0.001 -24"><span class='ocrx_word' id='word_1_133' title='bbox 345 2066 387 2110; x_wconf 94' lang='lat' dir='ltr'><strong>no</strong></span> <span class='ocrx_word' id='word_1_134' title='bbox 411 2046 653 2113; x_wconf 89' lang='lat' dir='ltr'><strong>custodiendum</strong></span> <span class='ocrx_word' id='word_1_135' title='bbox 676 2054 734 2113; x_wconf 86' lang='lat' dir='ltr'><strong>est.</strong></span> <span class='ocrx_word' id='word_1_136' title='bbox 759 2046 966 2113; x_wconf 79' lang='lat' dir='ltr'><strong>Postmodum</strong></span> <span class='ocrx_word' id='word_1_137' title='bbox 988 2046 1140 2133; x_wconf 84' lang='lat' dir='ltr'><strong>Vesperae</strong></span> <span class='ocrx_word' id='word_1_138' title='bbox 1170 2050 1334 2114; x_wconf 80' lang='lat' dir='ltr'><strong>recitantur</strong></span> <span class='ocrx_word' id='word_1_139' title='bbox 1355 2048 1375 2076; x_wconf 73' lang='lat'><em>⁸</em></span> 
     </span>
     <span class='ocr_line' id='line_1_19' title="bbox 342 2132 1364 2222; baseline 0 -24"><span class='ocrx_word' id='word_1_140' title='bbox 342 2134 388 2199; x_wconf 90' lang='lat' dir='ltr'><strong>ibi</strong></span> <span class='ocrx_word' id='word_1_141' title='bbox 410 2137 474 2201; x_wconf 92' lang='lat' dir='ltr'><strong>ritu</strong></span> <span class='ocrx_word' id='word_1_142' title='bbox 498 2132 626 2222; x_wconf 89' lang='lat' dir='ltr'><strong>duplici,</strong></span> <span class='ocrx_word' id='word_1_143' title='bbox 650 2145 682 2201; x_wconf 89' lang='lat' dir='ltr'><strong>et</strong></span> <span class='ocrx_word' id='word_1_144' title='bbox 705 2135 845 2202; x_wconf 90' lang='lat' dir='ltr'><strong>candelis</strong></span> <span class='ocrx_word' id='word_1_145' title='bbox 862 2136 1026 2210; x_wconf 77' lang='lat' dir='ltr'><strong>accensis:</strong></span> <span class='ocrx_word' id='word_1_146' title='bbox 1044 2155 1118 2201; x_wconf 85' lang='lat' dir='ltr'><strong>mox</strong></span> <span class='ocrx_word' id='word_1_147' title='bbox 1135 2135 1364 2203; x_wconf 75' lang='lat' dir='ltr'><strong>denudantur·</strong></span> 
     </span>
     <span class='ocr_line' id='line_1_20' title="bbox 344 2223 1343 2313; baseline 0 -26"><span class='ocrx_word' id='word_1_148' title='bbox 344 2226 426 2290; x_wconf 82' lang='lat' dir='ltr'><strong>turia</strong></span> <span class='ocrx_word' id='word_1_149' title='bbox 449 2224 599 2313; x_wconf 83' lang='lat' dir='ltr'><strong>(Coerem.</strong></span> <span class='ocrx_word' id='word_1_150' title='bbox 623 2225 680 2313; x_wconf 81' lang='lat' dir='ltr'><strong>Ep.</strong></span> <span class='ocrx_word' id='word_1_151' title='bbox 706 2225 756 2291; x_wconf 82' lang='lat' dir='ltr'><strong>lid.</strong></span> <span class='ocrx_word' id='word_1_152' title='bbox 780 2226 801 2290; x_wconf 68' lang='lat'><strong>2</strong></span> <span class='ocrx_word' id='word_1_153' title='bbox 825 2248 850 2291; x_wconf 88' lang='grc' dir='ltr'>α.</span> <span class='ocrx_word' id='word_1_154' title='bbox 867 2225 909 2290; x_wconf 71' lang='lat'><strong>⁶25</strong></span> <span class='ocrx_word' id='word_1_155' title='bbox 933 2248 963 2290; x_wconf 87' lang='lat' dir='ltr'><strong>o.</strong></span> <span class='ocrx_word' id='word_1_156' title='bbox 982 2223 1052 2310; x_wconf 73' lang='grc'>15),</span> <span class='ocrx_word' id='word_1_157' title='bbox 1077 2225 1201 2290; x_wconf 91' lang='lat' dir='ltr'><strong>relictis</strong></span> <span class='ocrx_word' id='word_1_158' title='bbox 1225 2233 1320 2291; x_wconf 71' lang='lat' dir='ltr'><strong>umen</strong></span> <span class='ocrx_word' id='word_1_159' title='bbox 1334 2247 1343 2276; x_wconf 68' lang='lat'><strong>:⁴</strong></span> 
     </span>
     <span class='ocr_line' id='line_1_21' title="bbox 265 2312 1334 2400; baseline 0.001 -23"><span class='ocrx_word' id='word_1_160' title='bbox 265 2331 270 2358; x_wconf 74' lang='lat'><em>¹</em></span> <span class='ocrx_word' id='word_1_161' title='bbox 343 2313 415 2379; x_wconf 88' lang='lat' dir='ltr'><strong>loco</strong></span> <span class='ocrx_word' id='word_1_162' title='bbox 439 2334 501 2380; x_wconf 88' lang='lat' dir='ltr'><strong>ona</strong></span> <span class='ocrx_word' id='word_1_163' title='bbox 524 2334 597 2380; x_wconf 91' lang='lat' dir='ltr'><strong>cum</strong></span> <span class='ocrx_word' id='word_1_164' title='bbox 620 2313 720 2379; x_wconf 93' lang='lat' dir='ltr'><strong>Cruce</strong></span> <span class='ocrx_word' id='word_1_165' title='bbox 742 2313 959 2391; x_wconf 84' lang='lat' dir='ltr'><strong>Candelabris,</strong></span> <span class='ocrx_word' id='word_1_166' title='bbox 975 2314 1003 2378; x_wconf 90' lang='lat' dir='ltr'><strong>si</strong></span> <span class='ocrx_word' id='word_1_167' title='bbox 1026 2313 1131 2390; x_wconf 87' lang='lat' dir='ltr'><strong>modo,</strong></span> <span class='ocrx_word' id='word_1_168' title='bbox 1157 2314 1262 2400; x_wconf 84' lang='lat' dir='ltr'><strong>quoad</strong></span> <span class='ocrx_word' id='word_1_169' title='bbox 1283 2312 1334 2377; x_wconf 68' lang='grc' dir='ltr'><strong>θαα</strong></span> 
     </span>
     <span class='ocr_line' id='line_1_22' title="bbox 343 2402 1297 2480; baseline 0 -13"><span class='ocrx_word' id='word_1_170' title='bbox 343 2402 444 2480; x_wconf 87' lang='lat' dir='ltr'><strong>labra,</strong></span> <span class='ocrx_word' id='word_1_171' title='bbox 469 2402 664 2470; x_wconf 88' lang='lat' dir='ltr'><strong>consuetudo</strong></span> <span class='ocrx_word' id='word_1_172' title='bbox 687 2423 750 2469; x_wconf 94' lang='lat' dir='ltr'><strong>non</strong></span> <span class='ocrx_word' id='word_1_173' title='bbox 774 2403 858 2469; x_wconf 90' lang='lat' dir='ltr'><strong>adsit</strong></span> <span class='ocrx_word' id='word_1_174' title='bbox 881 2423 919 2469; x_wconf 90' lang='lat' dir='ltr'><strong>ea</strong></span> <span class='ocrx_word' id='word_1_175' title='bbox 934 2402 1158 2472; x_wconf 70' lang='lat' dir='ltr'><strong>amovendid.</strong></span> <span class='ocrx_word' id='word_1_176' title='bbox 1177 2404 1214 2470; x_wconf 83' lang='grc'><strong>11.</strong></span> <span class='ocrx_word' id='word_1_177' title='bbox 1235 2402 1297 2470; x_wconf 82' lang='grc' dir='ltr'>θ.7</span> 
     </span>
     <span class='ocr_line' id='line_1_23' title="bbox 344 2492 1388 2587; baseline -0.001 -32"><span class='ocrx_word' id='word_1_178' title='bbox 344 2492 430 2558; x_wconf 72' lang='lat' dir='ltr'><strong>lusu</strong></span> <span class='ocrx_word' id='word_1_179' title='bbox 453 2493 484 2557; x_wconf 82' lang='lat' dir='ltr'><strong>io</strong></span> <span class='ocrx_word' id='word_1_180' title='bbox 513 2493 658 2558; x_wconf 80' lang='lat' dir='ltr'><strong>Veronae.</strong></span> <span class='ocrx_word' id='word_1_181' title='bbox 683 2493 725 2558; x_wconf 97' lang='grc' dir='ltr'><strong>αθ</strong></span> <span class='ocrx_word' id='word_1_182' title='bbox 749 2494 799 2559; x_wconf 69' lang='lat' dir='ltr'><strong>li.</strong></span> <span class='ocrx_word' id='word_1_183' title='bbox 817 2493 902 2559; x_wconf 85' lang='lat' dir='ltr'><strong>Hora</strong></span> <span class='ocrx_word' id='word_1_184' title='bbox 919 2500 1112 2576; x_wconf 82' lang='lat' dir='ltr'><strong>congruente</strong></span> <span class='ocrx_word' id='word_1_185' title='bbox 1129 2493 1310 2559; x_wconf 88' lang='lat' dir='ltr'><strong>conveniunt</strong></span> <span class='ocrx_word' id='word_1_186' title='bbox 1341 2570 1348 2587; x_wconf 37' lang='grc'><strong>.</strong></span> <span class='ocrx_word' id='word_1_187' title='bbox 1385 2540 1388 2562; x_wconf 67' lang='grc' dir='ltr'>ι</span> 
     </span>
     <span class='ocr_line' id='line_1_24' title="bbox 342 2579 1337 2667; baseline 0.003 -23"><span class='ocrx_word' id='word_1_188' title='bbox 342 2582 402 2646; x_wconf 87' lang='lat' dir='ltr'><strong>rici</strong></span> <span class='ocrx_word' id='word_1_189' title='bbox 425 2582 465 2647; x_wconf 88' lang='lat' dir='ltr'><strong>ad</strong></span> <span class='ocrx_word' id='word_1_190' title='bbox 488 2579 667 2648; x_wconf 90' lang='lat' dir='ltr'><strong>iaciendum</strong></span> <span class='ocrx_word' id='word_1_191' title='bbox 690 2582 882 2647; x_wconf 86' lang='lat' dir='ltr'><strong>Mandatum.</strong></span> <span class='ocrx_word' id='word_1_192' title='bbox 906 2581 933 2646; x_wconf 80' lang='grc' dir='ltr'>Α</span> <span class='ocrx_word' id='word_1_193' title='bbox 955 2580 1104 2667; x_wconf 89' lang='lat' dir='ltr'><strong>Vesperis</strong></span> <span class='ocrx_word' id='word_1_194' title='bbox 1120 2581 1224 2648; x_wconf 82' lang='lat' dir='ltr'><strong>Feriae</strong></span> <span class='ocrx_word' id='word_1_195' title='bbox 1240 2581 1337 2666; x_wconf 81' lang='lat' dir='ltr'><strong>quintu:</strong></span> 
     </span>
     <span class='ocr_line' id='line_1_25' title="bbox 343 2669 1392 2756; baseline -0.003 -23"><span class='ocrx_word' id='word_1_196' title='bbox 343 2669 438 2735; x_wconf 84' lang='lat' dir='ltr'><strong>Coena</strong></span> <span class='ocrx_word' id='word_1_197' title='bbox 462 2671 586 2736; x_wconf 83' lang='lat' dir='ltr'><strong>Domini</strong></span> <span class='ocrx_word' id='word_1_198' title='bbox 609 2691 710 2756; x_wconf 80' lang='lat' dir='ltr'><strong>usque</strong></span> <span class='ocrx_word' id='word_1_199' title='bbox 733 2671 890 2736; x_wconf 85' lang='lat' dir='ltr'><strong>adfinem</strong></span> <span class='ocrx_word' id='word_1_200' title='bbox 913 2669 1109 2736; x_wconf 72' lang='lat' dir='ltr'><strong>litaniarum</strong></span> <span class='ocrx_word' id='word_1_201' title='bbox 1134 2669 1265 2736; x_wconf 89' lang='lat' dir='ltr'><strong>Sabbati</strong></span> <span class='ocrx_word' id='word_1_202' title='bbox 1285 2685 1348 2750; x_wconf 66' lang='lat' dir='ltr'><strong>sac</strong></span> <span class='ocrx_word' id='word_1_203' title='bbox 1387 2738 1392 2746; x_wconf 43' lang='grc'>,</span> 
     </span>
     <span class='ocr_line' id='line_1_26' title="bbox 343 2757 1392 2845; baseline -0.004 -23"><span class='ocrx_word' id='word_1_204' title='bbox 343 2765 544 2824; x_wconf 88' lang='lat' dir='ltr'><strong>transeuntes</strong></span> <span class='ocrx_word' id='word_1_205' title='bbox 567 2769 640 2825; x_wconf 87' lang='lat' dir='ltr'><strong>aute</strong></span> <span class='ocrx_word' id='word_1_206' title='bbox 664 2758 797 2825; x_wconf 82' lang='lat' dir='ltr'><strong>Crucem</strong></span> <span class='ocrx_word' id='word_1_207' title='bbox 813 2759 886 2825; x_wconf 77' lang='lat' dir='ltr'><strong>drae</strong></span> <span class='ocrx_word' id='word_1_208' title='bbox 904 2758 1032 2845; x_wconf 87' lang='lat' dir='ltr'><strong>majoris</strong></span> <span class='ocrx_word' id='word_1_209' title='bbox 1049 2759 1166 2824; x_wconf 89' lang='lat' dir='ltr'><strong>debent</strong></span> <span class='ocrx_word' id='word_1_210' title='bbox 1182 2757 1331 2844; x_wconf 76' lang='lat' dir='ltr'><strong>genollac!</strong></span> <span class='ocrx_word' id='word_1_211' title='bbox 1377 2793 1392 2833; x_wconf 54' lang='grc' dir='ltr'><strong>,ι</strong></span> 
     </span>
     <span class='ocr_line' id='line_1_27' title="bbox 343 2845 1380 2934; baseline -0.002 -23"><span class='ocrx_word' id='word_1_212' title='bbox 343 2855 474 2932; x_wconf 87' lang='lat' dir='ltr'><strong>excepto</strong></span> <span class='ocrx_word' id='word_1_213' title='bbox 497 2847 665 2934; x_wconf 81' lang='lat' dir='ltr'><strong>Episcopo,</strong></span> <span class='ocrx_word' id='word_1_214' title='bbox 688 2849 875 2914; x_wconf 88' lang='lat' dir='ltr'><strong>Celebrante</strong></span> <span class='ocrx_word' id='word_1_215' title='bbox 899 2856 1022 2934; x_wconf 90' lang='lat' dir='ltr'><strong>parato,</strong></span> <span class='ocrx_word' id='word_1_216' title='bbox 1046 2855 1077 2912; x_wconf 90' lang='lat' dir='ltr'><strong>et</strong></span> <span class='ocrx_word' id='word_1_217' title='bbox 1100 2847 1267 2913; x_wconf 92' lang='lat' dir='ltr'><strong>Canonicis</strong></span> <span class='ocrx_word' id='word_1_218' title='bbox 1287 2845 1324 2909; x_wconf 54' lang='lat' dir='ltr'><strong>Co</strong></span> <span class='ocrx_word' id='word_1_219' title='bbox 1377 2891 1380 2910; x_wconf 67' lang='grc' dir='ltr'>ι</span> 
     </span>
     <span class='ocr_line' id='line_1_28' title="bbox 344 2932 1387 3024; baseline -0.002 -28"><span class='ocrx_word' id='word_1_220' title='bbox 344 2935 464 3012; x_wconf 87' lang='lat' dir='ltr'><strong>dralis,</strong></span> <span class='ocrx_word' id='word_1_221' title='bbox 499 2955 518 3001; x_wconf 90' lang='lat' dir='ltr'><strong>a</strong></span> <span class='ocrx_word' id='word_1_222' title='bbox 552 2937 665 3023; x_wconf 90' lang='lat' dir='ltr'><strong>quibus</strong></span> <span class='ocrx_word' id='word_1_223' title='bbox 688 2937 720 3002; x_wconf 94' lang='lat' dir='ltr'><strong>id</strong></span> <span class='ocrx_word' id='word_1_224' title='bbox 744 2938 849 3024; x_wconf 90' lang='lat' dir='ltr'><strong>ipsum</strong></span> <span class='ocrx_word' id='word_1_225' title='bbox 883 2957 955 3002; x_wconf 89' lang='lat' dir='ltr'><strong>cras</strong></span> <span class='ocrx_word' id='word_1_226' title='bbox 990 2936 1164 3002; x_wconf 67' lang='lat' dir='ltr'><strong>dumtaxat¹</strong></span> <span class='ocrx_word' id='word_1_227' title='bbox 1189 2945 1262 3022; x_wconf 90' lang='lat' dir='ltr'><strong>post</strong></span> <span class='ocrx_word' id='word_1_228' title='bbox 1290 2932 1344 3012; x_wconf 22' lang='grc' dir='ltr'><strong>θ’,</strong></span> <span class='ocrx_word' id='word_1_229' title='bbox 1379 2974 1387 2994; x_wconf 78' lang='grc' dir='ltr'>ι</span> 
     </span>
     <span class='ocr_line' id='line_1_29' title="bbox 343 3018 1382 3112; baseline -0.002 -25"><span class='ocrx_word' id='word_1_230' title='bbox 343 3022 554 3090; x_wconf 90' lang='lat' dir='ltr'><strong>detectionem</strong></span> <span class='ocrx_word' id='word_1_231' title='bbox 582 3024 798 3112; x_wconf 72' lang='lat' dir='ltr'><strong>praestandum</strong></span> <span class='ocrx_word' id='word_1_232' title='bbox 821 3034 879 3092; x_wconf 90' lang='lat' dir='ltr'><strong>est.</strong></span> <span class='ocrx_word' id='word_1_233' title='bbox 903 3026 934 3091; x_wconf 89' lang='lat' dir='ltr'><strong>S.</strong></span> <span class='ocrx_word' id='word_1_234' title='bbox 961 3025 1054 3092; x_wconf 62' lang='lat' dir='ltr'><strong>R.‘C.</strong></span> <span class='ocrx_word' id='word_1_235' title='bbox 1080 3025 1117 3090; x_wconf 79' lang='grc'><strong>51</strong></span> <span class='ocrx_word' id='word_1_236' title='bbox 1150 3025 1229 3112; x_wconf 74' lang='lat' dir='ltr'><strong>Aup.</strong></span> <span class='ocrx_word' id='word_1_237' title='bbox 1258 3018 1323 3088; x_wconf 73' lang='lat' dir='ltr'><strong>tuat</strong></span> <span class='ocrx_word' id='word_1_238' title='bbox 1356 3075 1357 3080; x_wconf 65' lang='grc'>,</span> <span class='ocrx_word' id='word_1_239' title='bbox 1380 3073 1382 3086; x_wconf 85' lang='lat'>.</span> 
     </span>
     <span class='ocr_line' id='line_1_30' title="bbox 344 3106 1358 3202; baseline 0.002 -27"><span class='ocrx_word' id='word_1_240' title='bbox 344 3111 477 3178; x_wconf 83' lang='lat' dir='ltr'><strong>Meliten.</strong></span> <span class='ocrx_word' id='word_1_241' title='bbox 502 3113 544 3178; x_wconf 89' lang='grc' dir='ltr'><strong>αθ</strong></span> <span class='ocrx_word' id='word_1_242' title='bbox 566 3113 586 3178; x_wconf 73' lang='lat'><strong>2</strong></span> <span class='ocrx_word' id='word_1_243' title='bbox 610 3124 638 3179; x_wconf 88' lang='lat' dir='ltr'><strong>et</strong></span> <span class='ocrx_word' id='word_1_244' title='bbox 656 3114 696 3178; x_wconf 73' lang='lat' dir='ltr'><strong>lt</strong></span> <span class='ocrx_word' id='word_1_245' title='bbox 720 3114 802 3202; x_wconf 88' lang='lat' dir='ltr'><strong>Sept.</strong></span> <span class='ocrx_word' id='word_1_246' title='bbox 828 3115 912 3181; x_wconf 75' lang='lat'><strong>1857</strong></span> <span class='ocrx_word' id='word_1_247' title='bbox 930 3114 962 3178; x_wconf 83' lang='lat' dir='ltr'><strong>iu</strong></span> <span class='ocrx_word' id='word_1_248' title='bbox 977 3135 1040 3178; x_wconf 85' lang='lat' dir='ltr'><strong>uuo</strong></span> <span class='ocrx_word' id='word_1_249' title='bbox 1063 3113 1193 3179; x_wconf 78' lang='lat' dir='ltr'><strong>Dubior.</strong></span> <span class='ocrx_word' id='word_1_250' title='bbox 1211 3113 1253 3179; x_wconf 91' lang='grc' dir='ltr'><strong>αθ</strong></span> <span class='ocrx_word' id='word_1_251' title='bbox 1267 3106 1358 3177; x_wconf 69' lang='lat' dir='ltr'><strong>llll!</strong></span> 
     </span>
     <span class='ocr_line' id='line_1_31' title="bbox 344 3200 1389 3287; baseline 0.003 -22"><span class='ocrx_word' id='word_1_252' title='bbox 344 3200 520 3287; x_wconf 90' lang='lat' dir='ltr'><strong>pletorinm</strong></span> <span class='ocrx_word' id='word_1_253' title='bbox 542 3203 635 3267; x_wconf 91' lang='lat' dir='ltr'><strong>hodie</strong></span> <span class='ocrx_word' id='word_1_254' title='bbox 659 3211 691 3267; x_wconf 92' lang='lat' dir='ltr'><strong>et</strong></span> <span class='ocrx_word' id='word_1_255' title='bbox 714 3225 786 3269; x_wconf 89' lang='lat' dir='ltr'><strong>cras</strong></span> <span class='ocrx_word' id='word_1_256' title='bbox 810 3203 927 3269; x_wconf 90' lang='lat' dir='ltr'><strong>dicitur</strong></span> <span class='ocrx_word' id='word_1_257' title='bbox 950 3203 1090 3270; x_wconf 89' lang='lat' dir='ltr'><strong>candelis</strong></span> <span class='ocrx_word' id='word_1_258' title='bbox 1114 3204 1271 3268; x_wconf 84' lang='lat' dir='ltr'><strong>extinctis.</strong></span> <span class='ocrx_word' id='word_1_259' title='bbox 1386 3249 1389 3268; x_wconf 84' lang='grc'>,</span> 
     </span>
     <span class='ocr_line' id='line_1_32' title="bbox 410 3291 1392 3378; baseline -0.008 -23"><span class='ocrx_word' id='word_1_260' title='bbox 410 3291 462 3356; x_wconf 85' lang='grc'><strong>10.</strong></span> <span class='ocrx_word' id='word_1_261' title='bbox 485 3291 521 3356; x_wconf 92' lang='lat' dir='ltr'><strong>ln</strong></span> <span class='ocrx_word' id='word_1_262' title='bbox 544 3292 693 3357; x_wconf 83' lang='lat' dir='ltr'><strong>Paraeeiis</strong></span> <span class='ocrx_word' id='word_1_263' title='bbox 717 3312 841 3378; x_wconf 88' lang='lat' dir='ltr'><strong>quoque</strong></span> <span class='ocrx_word' id='word_1_264' title='bbox 864 3291 1036 3369; x_wconf 89' lang='lat' dir='ltr'><strong>ruralibus,</strong></span> <span class='ocrx_word' id='word_1_265' title='bbox 1060 3291 1115 3356; x_wconf 90' lang='lat' dir='ltr'><strong>ubi</strong></span> <span class='ocrx_word' id='word_1_266' title='bbox 1140 3301 1216 3368; x_wconf 81' lang='lat' dir='ltr'><strong>trae,</strong></span> <span class='ocrx_word' id='word_1_267' title='bbox 1233 3295 1328 3376; x_wconf 85' lang='lat' dir='ltr'><strong>quatuo</strong></span> <span class='ocrx_word' id='word_1_268' title='bbox 1385 3301 1392 3363; x_wconf 67' lang='lat' dir='ltr'><strong>p</strong></span> 
     </span>
     <span class='ocr_line' id='line_1_33' title="bbox 344 3373 1385 3469; baseline -0.003 -25"><span class='ocrx_word' id='word_1_269' title='bbox 344 3380 458 3445; x_wconf 89' lang='lat' dir='ltr'><strong>saltem</strong></span> <span class='ocrx_word' id='word_1_270' title='bbox 482 3382 620 3446; x_wconf 85' lang='lat' dir='ltr'><strong>existant</strong></span> <span class='ocrx_word' id='word_1_271' title='bbox 642 3381 756 3447; x_wconf 84' lang='lat' dir='ltr'><strong>Clerici</strong></span> <span class='ocrx_word' id='word_1_272' title='bbox 779 3380 828 3469; x_wconf 86' lang='lat'>(*),</span> <span class='ocrx_word' id='word_1_273' title='bbox 844 3401 945 3447; x_wconf 77' lang='lat' dir='ltr'><strong>sacrae</strong></span> <span class='ocrx_word' id='word_1_274' title='bbox 960 3379 1153 3447; x_wconf 81' lang='lat' dir='ltr'><strong>Functiones</strong></span> <span class='ocrx_word' id='word_1_275' title='bbox 1170 3373 1336 3462; x_wconf 75' lang='lat' dir='ltr'><strong>uerusque</strong></span> <span class='ocrx_word' id='word_1_276' title='bbox 1363 3415 1385 3427; x_wconf 67' lang='lat'><em>„</em></span> 
     </span>
     <span class='ocr_line' id='line_1_34' title="bbox 343 3454 1392 3561; baseline 0.001 -28"><span class='ocrx_word' id='word_1_277' title='bbox 343 3478 432 3534; x_wconf 84' lang='lat' dir='ltr'><strong>sexta</strong></span> <span class='ocrx_word' id='word_1_278' title='bbox 455 3477 486 3534; x_wconf 92' lang='lat' dir='ltr'><strong>et</strong></span> <span class='ocrx_word' id='word_1_279' title='bbox 509 3469 649 3536; x_wconf 82' lang='lat' dir='ltr'><strong>Sabbato</strong></span> <span class='ocrx_word' id='word_1_280' title='bbox 672 3470 802 3556; x_wconf 88' lang='lat' dir='ltr'><strong>majoris</strong></span> <span class='ocrx_word' id='word_1_281' title='bbox 826 3470 1040 3536; x_wconf 74' lang='lat' dir='ltr'><strong>Hebdomade</strong></span> <span class='ocrx_word' id='word_1_282' title='bbox 1063 3489 1140 3534; x_wconf 89' lang='lat' dir='ltr'><strong>sane</strong></span> <span class='ocrx_word' id='word_1_283' title='bbox 1173 3469 1293 3555; x_wconf 88' lang='lat' dir='ltr'><strong>quidem</strong></span> <span class='ocrx_word' id='word_1_284' title='bbox 1316 3454 1362 3561; x_wconf 58' lang='lat' dir='ltr'><strong>st!</strong></span> <span class='ocrx_word' id='word_1_285' title='bbox 1387 3473 1392 3533; x_wconf 93' lang='grc' dir='ltr'>Ι</span> 
     </span>
     <span class='ocr_line' id='line_1_35' title="bbox 344 3537 1364 3646; baseline -0.004 -24"><span class='ocrx_word' id='word_1_286' title='bbox 344 3558 544 3643; x_wconf 75' lang='lat' dir='ltr'><strong>peragendae,</strong></span> <span class='ocrx_word' id='word_1_287' title='bbox 568 3568 692 3624; x_wconf 88' lang='lat' dir='ltr'><strong>servata</strong></span> <span class='ocrx_word' id='word_1_288' title='bbox 716 3558 817 3625; x_wconf 84' lang='lat' dir='ltr'><strong>formu</strong></span> <span class='ocrx_word' id='word_1_289' title='bbox 841 3560 931 3646; x_wconf 87' lang='lat' dir='ltr'><strong>parvi</strong></span> <span class='ocrx_word' id='word_1_290' title='bbox 963 3558 1097 3623; x_wconf 84' lang='lat' dir='ltr'><strong>llitualis</strong></span> <span class='ocrx_word' id='word_1_291' title='bbox 1121 3556 1154 3622; x_wconf 91' lang='lat' dir='ltr'><strong>S.</strong></span> <span class='ocrx_word' id='word_1_292' title='bbox 1179 3557 1217 3622; x_wconf 83' lang='lat' dir='ltr'><strong>tt.</strong></span> <span class='ocrx_word' id='word_1_293' title='bbox 1243 3537 1364 3643; x_wconf 68' lang='lat' dir='ltr'><strong>conducti,</strong></span> 
     </span>
     <span class='ocr_line' id='line_1_36' title="bbox 343 3639 1365 3736; baseline -0.003 -26"><span class='ocrx_word' id='word_1_294' title='bbox 343 3646 414 3710; x_wconf 88' lang='lat' dir='ltr'><strong>Xlll</strong></span> <span class='ocrx_word' id='word_1_295' title='bbox 437 3669 519 3713; x_wconf 91' lang='lat' dir='ltr'><strong>anno</strong></span> <span class='ocrx_word' id='word_1_296' title='bbox 545 3649 628 3713; x_wconf 66' lang='lat'><strong>1725</strong></span> <span class='ocrx_word' id='word_1_297' title='bbox 649 3648 741 3735; x_wconf 90' lang='lat' dir='ltr'><strong>jussu</strong></span> <span class='ocrx_word' id='word_1_298' title='bbox 764 3648 861 3725; x_wconf 91' lang='lat' dir='ltr'><strong>editi;</strong></span> <span class='ocrx_word' id='word_1_299' title='bbox 887 3647 972 3736; x_wconf 88' lang='lat' dir='ltr'><strong>quod</strong></span> <span class='ocrx_word' id='word_1_300' title='bbox 994 3667 1069 3712; x_wconf 87' lang='lat' dir='ltr'><strong>vero</strong></span> <span class='ocrx_word' id='word_1_301' title='bbox 1094 3647 1134 3712; x_wconf 90' lang='lat' dir='ltr'><strong>ad</strong></span> <span class='ocrx_word' id='word_1_302' title='bbox 1158 3639 1365 3714; x_wconf 77' lang='lat' dir='ltr'><strong>Paraeciasau·</strong></span> 
     </span>
    </p>
   </div>
   <div class='ocr_carea' id='block_1_5' title="bbox 342 3929 1368 4182">
    <p class='ocr_par' dir='ltr' id='par_1_6' title="bbox 342 3929 1368 4182">
     <span class='ocr_line' id='line_1_37' title="bbox 401 3929 1366 4025; baseline -0.001 -21"><span class='ocrx_word' id='word_1_303' title='bbox 401 3939 434 4014; x_wconf 70' lang='grc' dir='ltr'><strong>ζ’)</strong></span> <span class='ocrx_word' id='word_1_304' title='bbox 454 3942 507 4004; x_wconf 89' lang='lat' dir='ltr'><strong>Ubi</strong></span> <span class='ocrx_word' id='word_1_305' title='bbox 528 3945 630 4006; x_wconf 87' lang='lat' dir='ltr'><strong>Clerici</strong></span> <span class='ocrx_word' id='word_1_306' title='bbox 652 3943 787 4006; x_wconf 85' lang='lat' dir='ltr'><strong>deficiant</strong></span> <span class='ocrx_word' id='word_1_307' title='bbox 810 3945 927 4025; x_wconf 88' lang='lat' dir='ltr'><strong>proprie</strong></span> <span class='ocrx_word' id='word_1_308' title='bbox 949 3944 1026 4016; x_wconf 89' lang='lat' dir='ltr'><strong>dicti,</strong></span> <span class='ocrx_word' id='word_1_309' title='bbox 1050 3945 1078 4007; x_wconf 91' lang='lat' dir='ltr'><strong>in</strong></span> <span class='ocrx_word' id='word_1_310' title='bbox 1099 3965 1199 4008; x_wconf 85' lang='lat' dir='ltr'><strong>eorum</strong></span> <span class='ocrx_word' id='word_1_311' title='bbox 1222 3929 1366 4008; x_wconf 77' lang='lat' dir='ltr'><strong>loconul&#39;</strong></span> 
     </span>
     <span class='ocr_line' id='line_1_38' title="bbox 342 4022 1368 4106; baseline 0.002 -25"><span class='ocrx_word' id='word_1_312' title='bbox 342 4023 436 4098; x_wconf 77' lang='lat' dir='ltr'><strong>rogari</strong></span> <span class='ocrx_word' id='word_1_313' title='bbox 457 4033 567 4100; x_wconf 76' lang='lat' dir='ltr'><strong>querunt</strong></span> <span class='ocrx_word' id='word_1_314' title='bbox 586 4025 660 4086; x_wconf 82' lang='lat' dir='ltr'><strong>laici</strong></span> <span class='ocrx_word' id='word_1_315' title='bbox 683 4026 846 4102; x_wconf 86' lang='lat' dir='ltr'><strong>saeculcres,</strong></span> <span class='ocrx_word' id='word_1_316' title='bbox 867 4027 948 4106; x_wconf 73' lang='lat' dir='ltr'><strong>nigra</strong></span> <span class='ocrx_word' id='word_1_317' title='bbox 970 4035 1064 4088; x_wconf 89' lang='lat' dir='ltr'><strong>tamen</strong></span> <span class='ocrx_word' id='word_1_318' title='bbox 1086 4046 1118 4090; x_wconf 87' lang='lat' dir='ltr'><strong>ac</strong></span> <span class='ocrx_word' id='word_1_319' title='bbox 1141 4027 1222 4090; x_wconf 88' lang='lat' dir='ltr'><strong>toluri</strong></span> <span class='ocrx_word' id='word_1_320' title='bbox 1245 4022 1368 4103; x_wconf 58' lang='lat' dir='ltr'><strong>restent</strong></span> 
     </span>
     <span class='ocr_line' id='line_1_39' title="bbox 342 4105 753 4182; baseline 0.017 -22"><span class='ocrx_word' id='word_1_321' title='bbox 342 4120 396 4163; x_wconf 92' lang='lat' dir='ltr'><strong>oon</strong></span> <span class='ocrx_word' id='word_1_322' title='bbox 416 4105 631 4182; x_wconf 82' lang='lat' dir='ltr'><strong>superpelliceo</strong></span> <span class='ocrx_word' id='word_1_323' title='bbox 652 4105 753 4167; x_wconf 88' lang='lat' dir='ltr'><strong>indoti.</strong></span> 
     </span>
    </p>
   </div>
   <div class='ocr_carea' id='block_1_6' title="bbox 0 0 1746 4875">
    <p class='ocr_par' dir='ltr' id='par_1_7' title="bbox 0 0 1746 4875">
     <span class='ocr_line' id='line_1_40' title="bbox 0 0 1746 4875; baseline 0 1"><span class='ocrx_word' id='word_1_324' title='bbox 0 0 1746 4875; x_wconf 95' lang='lat' dir='ltr'><strong> </strong></span> 
     </span>
    </p>
   </div>
  </div>
 </body>
</html>
