3484 4875
635 524 856 571 annorrrrnnns
871 526 903 571 m
917 525 1008 572 rasra
1023 526 1097 571 rnen
1313 508 1379 574 557

375 626 411 693 st
434 645 509 694 vero
540 630 583 695 sit
611 629 797 708 Dominica‚
827 632 982 697 recitatur
1009 653 1093 698 nona
1123 631 1231 698 Lectio
1263 630 1302 698 de
1332 636 1400 720 ejus

374 716 530 794 homilia,
561 718 693 806 ejusque
723 722 985 787 commemoratio
1014 721 1049 786 fit
1079 720 1179 808 (ante
1207 721 1343 789 alteram
1366 722 1398 791 S.

374 804 568 894 Christinee)
591 808 624 873 in
647 809 760 894 primis
782 809 947 896 Vesperis,
971 809 1131 877 Laudibus
1154 817 1186 875 et
1208 808 1304 876 Missa
1327 832 1401 879 cum

372 894 464 959 illius
488 894 659 981 Evangelio
683 898 742 964 sub
765 897 870 963 Missae
893 899 998 964 tinem.

419 982 458 1047 ll.
483 982 542 1049 Ubi
564 984 659 1050 hodie
682 1006 784 1072 neque
807 996 966 1064 occurrat,
990 1006 1092 1073 neque
1116 987 1159 1051 sit
1181 986 1400 1071 reponendum

370 1069 505 1136 Festum
529 1073 659 1159 aliquod
685 1074 803 1161 duplex
826 1076 876 1141 rel
899 1076 1119 1162 semiduplex,
1150 1094 1209 1139 nec
1232 1073 1398 1141 Dominica

370 1159 505 1236 incidat,
522 1160 666 1228 Officium
689 1165 855 1249 peragitur
879 1164 918 1229 dc
933 1165 1049 1248 vigilia
1072 1164 1104 1229 S.
1122 1162 1233 1228 iacobi
1254 1163 1399 1248 Apostoli

370 1266 447 1313 cum
472 1253 773 1317 commemoratione
797 1252 829 1318 S.
852 1251 1081 1318 Christinaein
1103 1252 1215 1339 primis
1238 1250 1398 1337 Vesperis,

370 1335 533 1403 Laudibus
550 1346 581 1403 et
604 1339 710 1406 Missa.
734 1340 809 1405 Vide
831 1351 978 1406 orrnotcto
994 1342 1026 1405 in
1042 1341 1124 1405 diem
1141 1340 1184 1405 ld
1199 1338 1291 1403 Febr.
1307 1362 1337 1405 o.
1354 1340 1397 1406 ll.

369 1422 406 1490 Si
429 1445 525 1511 porro
549 1425 714 1494 Dominica
737 1430 789 1505 sit,
813 1427 852 1494 de
876 1448 912 1495 ea
937 1431 1131 1516 persolvitur
1153 1427 1298 1494 Officium
1323 1448 1397 1495 oum

373 1518 679 1583 commemoratione
703 1517 735 1582 S.
759 1517 939 1593 Christinae,
963 1528 1130 1604 utsupra.

417 1602 471 1667 Ill.
495 1603 679 1689 Siquando
703 1608 793 1672 locus
817 1606 901 1671 adsit
923 1606 1027 1672 Missae
1051 1606 1083 1672 S.
1107 1605 1276 1671 Christinae
1297 1603 1398 1689 Virgi-

369 1691 422 1755 nis
446 1699 479 1756 et
501 1692 662 1781 Martyris,
678 1714 715 1760 ca
739 1695 893 1761 sumenda
916 1704 966 1761 est
989 1716 1006 1761 e
1027 1695 1193 1761 Communi
1209 1692 1349 1778 Virginis
1365 1701 1397 1758 et

369 1778 522 1867 Martyris
545 1783 684 1849 secundo
710 1784 790 1860 loco,
814 1803 928 1869 nempe
950 1784 1001 1849 Me
1024 1793 1273 1873 expectaverunt.

325 1866 379 1932 25.
404 1903 448 1917 -—
471 1868 494 1933 l.
519 1869 553 1934 ln
578 1872 673 1937 Missa
697 1870 728 1936 S.
746 1872 857 1937 Jacobi
881 1873 1026 1959 Apostoli
1050 1873 1126 1939 dum
1148 1872 1267 1956 legitur
1283 1871 1393 1938 Oratio

369 1954 508 2022 Canonis
534 1958 823 2037 Communicaoter,
846 1961 887 2025 ad
910 1982 1025 2026 nornen
1048 1962 1174 2037 dueobt,
1198 1960 1297 2047 priori
1321 1961 1394 2025 loco

368 2044 414 2109 ibi
438 2046 605 2125 insertum,
629 2059 726 2135 caput
748 2058 798 2113 est
819 2049 1050 2115 inclinandum.

413 2133 452 2198 ΙΙ.
477 2134 535 2200 Ubi
553 2138 717 2221 contingat
731 2146 767 2202 nt
783 2136 879 2201 Missa
902 2137 1037 2221 legenda
1060 2138 1103 2201 sil
1119 2134 1150 2201 S.
1169 2134 1391 2219 Christophori

366 2220 528 2309 Martyris,
551 2226 671 2311 petitur
693 2227 764 2311 ipsa
787 2245 804 2290 e
827 2224 993 2290 Communi
1017 2223 1156 2290 secundo
1180 2223 1262 2298 loco,
1285 2222 1393 2288 rideli-

367 2318 421 2375 cet
442 2311 480 2375 ln
502 2314 637 2378 virtute:
661 2311 770 2380 Oratio
794 2321 844 2378 est
866 2314 1006 2399 propria.

324 2396 376 2465 ab.
401 2399 637 2468 -Conclusio
661 2402 801 2470 Secreta
824 2403 858 2468 in
880 2401 976 2468 Missa
999 2402 1032 2468 S.
1048 2402 1148 2468 Annae
1171 2399 1239 2466 brec
1262 2404 1312 2465 est
1331 2398 1393 2465 Per

366 2488 512 2554 eumdem
543 2491 731 2568 Dominum,
762 2512 825 2558 non
858 2511 933 2556 vero
964 2486 1023 2568 Qui
1053 2500 1163 2555 tecum.
1189 2488 1237 2553 ltu
1267 2487 1391 2553 Mirrale

367 2576 456 2643 Rom.
482 2579 620 2666 typicum
643 2581 752 2645 Romae
774 2581 846 2647 edit.
871 2600 951 2644 enno
977 2578 1073 2646 tabl.

323 2661 374 2731 27.
399 2701 444 2714 -
467 2664 548 2745 Quid
572 2669 730 2753 agendum
754 2669 807 2736 ubi
829 2666 974 2734 Officium
998 2667 1030 2733 S.
1048 2665 1251 2732 Pantalconis
1274 2664 1390 2752 Marty-

364 2753 412 2838 ris
435 2756 628 2840 persolvitur
644 2758 702 2823 sub
726 2759 791 2824 ritu
814 2757 962 2843 simplici,
975 2756 1042 2844 jam
1064 2755 1317 2822 demonstratum
1341 2762 1391 2819 est

365 2842 426 2908 sub
451 2843 501 2908 die
518 2846 560 2909 tl
583 2847 702 2932 Aprilis
725 2869 755 2911 n.
773 2846 826 2911 lll.
844 2847 940 2912 llissa
963 2847 1024 2912 erit
1043 2845 1214 2912 loetabitur
1237 2842 1277 2910 de
1300 2841 1390 2908 Corn·

364 2932 454 2996 muni
476 2934 571 3000 unius
595 2935 743 3023 Martyris
766 2955 830 3001 non
854 2934 1026 3001 Pontiiicis.

323 3017 374 3084 tt.
398 3057 443 3070 —
466 3021 489 3085 l.
515 3021 550 3086 ln
567 3023 708 3089 Ecclesia
732 3023 781 3090 Ss.
798 3023 924 3089 Nazarii
941 3031 973 3090 et
989 3023 1072 3089 Coisi
1094 3022 1269 3110 Martyrum
1285 3027 1389 3086 trans·

363 3106 443 3173 ferri
459 3129 539 3196 opus
563 3120 612 3176 est
628 3112 758 3179 Festum
780 3112 830 3178 Ss.
848 3112 986 3179 Victoris
1010 3122 1041 3179 et
1063 3111 1240 3177 Innocentii
1255 3111 1286 3174 in
1305 3108 1390 3174 diem

363 3198 556 3283 proximam,
573 3220 644 3285 quae
661 3203 790 3268 minime
813 3202 1016 3287 impediatur,
1033 3200 1093 3267 suh
1108 3202 1172 3266 ritu
1188 3197 1388 3282 semiduplici

363 3304 437 3362 cum
460 3286 630 3372 Evangelio
655 3298 686 3356 et
709 3290 860 3357 Oratione
884 3291 1036 3376 propria,
1067 3289 1099 3352 in
1132 3307 1195 3372 qua
1218 3286 1387 3351 Sociorum

361 3375 492 3442 nomina
514 3378 700 3444 reticentur.
724 3380 755 3445 S.
780 3379 817 3444 R.
844 3378 876 3444 0.
896 3379 936 3443 la
959 3377 1051 3442 Febr.
1070 3376 1154 3442 tota
1178 3378 1210 3440 io
1232 3371 1384 3439 Mediola-

361 3483 431 3527 nen.
455 3464 541 3552 opnd
574 3466 677 3532 Corol.
702 3467 738 3532 ln
761 3467 905 3533 Ecclesia
936 3467 992 3532 illa
1024 3465 1074 3530 Ss.
1098 3463 1223 3531 Nazarii
1247 3468 1279 3526 et
1301 3459 1386 3525 Celsi

361 3548 508 3618 Officium
540 3555 755 3622 celebrabitur
785 3557 849 3622 ritu
883 3554 1001 3641 duplici
1024 3554 1135 3641 primae
1167 3550 1279 3617 classis
1312 3567 1385 3614 oum

362 3636 505 3718 Octava,
537 3649 568 3708 et
599 3645 706 3709 omnia
738 3652 945 3711 sumenture
977 3641 1141 3708 Communi
1172 3639 1384 3726 plurimorum

359 3727 537 3818 Martyrum
564 3733 668 3818 primo
693 3734 786 3808 loco,
818 3741 937 3819 prater
959 3731 1095 3818 primam
1118 3728 1301 3795 Lectionem
1333 3745 1382 3790 se·

360 3816 457 3883 cundi
479 3818 633 3886 Nocturni
657 3843 729 3888 cum
752 3819 904 3888 Oratione
935 3819 1089 3908 (omissis
1112 3817 1250 3884 Victoris
1273 3825 1305 3880 et
1328 3814 1380 3880 ln·

358 3908 499 3972 nocentii
521 3910 702 3977 nominibus
716 3910 747 4000 ),
770 3931 841 3998 quae
864 3912 898 3976 in
921 3909 1082 3975 Breviario
1104 3908 1164 3973 hac
1189 3906 1238 3972 die
1262 3914 1381 3992 praesto

358 4002 444 4061 sunt.
461 3995 510 4062 lld
533 3997 672 4076 Missam,
689 4021 759 4086 quae
782 4000 913 4086 propria
937 3997 1028 4065 adest
1050 3997 1083 4064 in
1105 3996 1236 4071 lllissali,
1253 3993 1383 4060 additur

360 4083 534 4238 Crerppper
556 4094 657 4154 totam
674 4085 835 4157 Octavam.
852 4089 960 4157 Prima
982 4106 1058 4154 vero
1082 4085 1132 4155 die
1147 4106 1211 4154 non
1227 4081 1380 4169 impedita
