3484 4875
627 524 808 573 cannarum
825 523 900 570 vosr
916 524 1099 571 servulum
1315 503 1378 573 l75

346 635 513 717 ¹quapropter
537 630 672 699 dicenda
688 640 784 700 erunt
800 629 959 717 Suffragia
976 640 1008 698 et
1023 632 1176 699 Praelatio
1200 632 1400 711 Communis,

326 733 385 783 -ιω
402 739 462 785 non
485 719 687 787 adhibendus
711 722 802 788 eoler
825 721 936 786 viridis
971 730 1032 786 ete.
1056 729 1092 786 nt
1129 722 1216 787 alibi.
1242 721 1274 787 S.
1302 721 1339 787 li.
1366 723 1398 788 G.

329 801 372 870 ‚ll
389 807 479 873 liert.
505 808 592 876 idib
616 809 649 873 io
672 808 910 875 Panormitano.
946 808 1009 874 Sed
1035 811 1120 875 enim
1147 810 1201 875 ubi
1224 809 1292 874 dies
1316 808 1400 876 inira

320 889 470 982 vOetavam
494 896 726 982 particularem
751 896 872 963 ineidat
896 899 928 963 in
954 896 1131 963 Sabbatum
1157 905 1233 963 ante
1261 896 1398 984 Septua-

320 984 486 1066 :paimam
510 986 672 1072 simulque
696 992 771 1072 post
786 984 940 1051 Octavam
958 985 1144 1071 Epiphaniae
1165 996 1317 1052 occurrat
1333 986 1400 1052 dies

340 1070 421 1138 altera
443 1070 530 1139 inira
553 1072 730 1152 Octavam,
754 1076 805 1139 vol
830 1074 927 1139 etiam
963 1074 1190 1159 semiduplex,
1221 1082 1289 1140 tum
1324 1093 1399 1140 vero

339 1153 465 1227 tuum
481 1160 658 1228 bominicae
681 1161 830 1228 secunda
855 1170 929 1248 post
953 1160 1163 1247 Epiphaniam
1186 1182 1250 1227 non
1274 1162 1400 1227 videtur

339 1241 462 1315 labbatn
485 1250 542 1317 illo
567 1270 639 1316 esse
662 1249 922 1338 persolvendum,
941 1250 997 1314 sed
1023 1249 1074 1315 die
1095 1252 1240 1337 proxima
1264 1257 1337 1336 post
1362 1249 1400 1316 O·

338 1339 443 1403 auvam
467 1337 665 1425 Epiphania,
690 1358 761 1424 qnae
778 1337 873 1403 Eeslo
899 1338 1019 1423 duplici
1042 1340 1173 1404 minime
1194 1338 1398 1423 impediatur.

335 1415 458 1492 lubrica
482 1429 569 1492 enim
591 1428 715 1501 statuit,
739 1433 775 1493 ut
798 1426 902 1493 sicubi
919 1424 1097 1492 Sabbatum
1121 1426 1317 1512 impediatur
1339 1425 1399 1491 Ee·

332 1515 367 1580 tln
389 1534 508 1580 novem
530 1515 740 1591 Lectionum,
764 1511 912 1580 Oiticium
937 1512 1078 1599 praelatae
1103 1514 1276 1579 uominicae
1300 1533 1394 1600 pera·

323 1609 412 1750 Em
471 1604 552 1668 rima
576 1601 627 1668 die
651 1611 724 1689 post
749 1601 903 1669 Octavam
931 1602 1116 1688 Epiphania
1141 1622 1204 1667 non
1240 1601 1396 1687 impedita

320 1698 412 1758 'esto
437 1623 569 1777 Euplioi}
595 1692 684 1778 alqui
709 1712 747 1757 ex
770 1690 987 1757 Rubricarunv
1017 1711 1113 1756 sensu
1149 1690 1326 1756 Sabbatum
1350 1690 1397 1755 ita

320 1769 510 1866 hpeditum
533 1788 694 1857 censetur,
718 1781 744 1844 si
762 1778 845 1845 forle
869 1780 901 1844 in
924 1778 1005 1844 illud
1026 1779 1147 1847 incidat
1163 1776 1309 1844 Officium
1334 1776 1399 1844 diei

319 1859 398 1935 hira
424 1866 592 1944 Octavam,
609 1869 695 1954 quod
718 1868 870 1933 nimirum
888 1886 1001 1932 novem
1018 1868 1205 1933 Lectionum
1229 1874 1288 1942 est,
1305 1868 1397 1932 item·

319 1969 375 2041 pre
400 1956 492 2022 Festi
517 1958 675 2023 rationem
698 1956 832 2031 obtinet,
858 1958 976 2041 qnippe
1001 1975 1074 2022 oum
1099 1951 1184 2021 Eesti
1210 1954 1397 2041 principalis

319 2044 519 2122 continuatio
536 2046 590 2121 sit,
606 2064 644 2110 ac
661 2046 759 2110 veluti
776 2055 874 2110 vinnm
898 2042 1046 2129 idemque
1071 2063 1144 2108 cum
1168 2044 1224 2108 illo
1242 2043 1401 2107 existime-

319 2143 366 2201 nt·
383 2155 394 2197 ε
411 2132 571 2202 ‚Oilicinm
594 2133 696 2217 igitur
719 2131 896 2198 [lominica
911 2131 1062 2196 seovmdae
1080 2140 1148 2196 tum
1165 2130 1291 2195 videtur
1314 2128 1400 2195 baud

319 2233 415 2288 losse
439 2220 582 2307 persolvi
605 2222 637 2286 in
661 2219 801 2287 Sabbata
831 2230 905 2285 ante
930 2218 1230 2305 Septuagesimam,
1261 2216 1318 2282 sed
1351 2216 1402 2281 die

319 2310 470 2394 proxima
493 2316 568 2394 post
591 2307 745 2375 Octavam
768 2309 977 2395 Epiphaniae,
1009 2327 1104 2393 quam
1130 2305 1261 2372 Festum
1286 2305 1403 2395 duplex

319 2409 380 2467 ton
406 2396 575 2484 impediat.
603 2396 707 2466 Oavcl.
734 2407 774 2463 to.
798 2397 819 2463 h
843 2420 869 2463 c.
897 2396 938 2462 tt
962 2395 1030 2461 du
1054 2418 1084 2461 n.
1110 2396 1162 2460 7¹2.
1187 2393 1403 2460 Nihilominus

319 2488 340 2555 ti
372 2487 453 2569 dies¹
472 2484 556 2567 inira
580 2483 734 2557 Octavam
762 2487 813 2552 vel
844 2485 1044 2571 semiduplex
1074 2483 1231 2549 incideret
1261 2489 1402 2546 tautum·

319 2575 416 2643 trodo
441 2575 476 2640 in
493 2573 689 2651 Sabbatum,
713 2582 782 2640 tum
807 2592 884 2640 sane
909 2593 990 2660 opus
1015 2580 1102 2640 esset
1127 2580 1162 2638 ut
1178 2570 1323 2638 Officium
1339 2568 1402 2634 Do·

319 2665 448 2731 uinieae
472 2662 622 2728 secunda
645 2663 677 2739 in
702 2663 759 2728 illo
785 2670 949 2748 ageretur.

384 2753 417 2818 5.
442 2751 486 2817 At
508 2752 536 2816 si
559 2758 627 2816 tota
651 2743 860 2835 Hebdomada
880 2751 983 2817 Eestis
1001 2749 1195 2837 impediatur
1218 2746 1401 2834 duplicibus

319 2839 579 2916 recurrentibus,
602 2837 751 2926 prolecto
787 2840 818 2904 in
845 2837 987 2905 Sabbato
1012 2845 1086 2904 aute
1110 2836 1402 2934 Septuagesimam,

319 2930 378 2996 etsi
405 2927 592 3004 celebretur
615 2927 746 3002 Festum
764 2927 885 3013 duplex
909 2929 1021 3013 primae
1039 2926 1164 3003 elassis,
1184 2924 1320 3010 legenda
1344 2923 1406 2989 erit

319 3014 337 3085 O
360 3016 476 3083 Lectio
501 3014 542 3081 de
564 3015 697 3099 homilia
716 3016 890 3081 Dominioae
913 3013 1074 3091 secundae,
1092 3015 1183 3102 eujus
1200 3032 1326 3099 quoque
1349 3011 1403 3077 fiet

319 3105 588 3181 commemoratio
623 3104 657 3170 in
679 3103 842 3188 Laudibus
867 3103 952 3190 (per
977 3103 1196 3190 autiphonam
1221 3109 1253 3167 et
1280 3099 1404 3165 Oratio·

319 3208 396 3262 nem
418 3188 587 3283 propriam
611 3211 649 3257 ac
670 3192 700 3275 i.
725 3190 870 3280 Repleti)
896 3206 954 3257 nen
979 3211 1044 3256 non
1070 3192 1103 3255 in
1119 3190 1215 3255 lllissa
1233 3189 1330 3254 etiam
1355 3207 1406 3252 so·

319 3281 421 3350 lemni
447 3300 521 3360 eum
544 3279 719 3346 bominicae
741 3279 916 3365 Evangelio
940 3281 973 3344 in
998 3279 1069 3343 tine.
1094 3277 1125 3343 S.
1150 3274 1186 3341 R.
1215 3274 1246 3342 0.
1263 3276 1294 3340 d.
1319 3275 1406 3362 Sept.

319 3371 409 3439 1745
428 3367 463 3434 io
484 3368 605 3456 Aquae.
630 3368 672 3435 od
695 3369 820 3448 helil
845 3364 929 3456 Sept.
950 3366 1034 3432 tucn
1063 3366 1095 3430 in
1115 3362 1267 3451 Orpellen.
1292 3361 1329 3426 lu
1344 3361 1407 3426 hoe

319 3466 431 3529 tamen
455 3477 533 3535 oasa
549 3476 752 3544 nequaquam
770 3456 913 3522 dicendae
937 3463 1012 3522 sunt
1034 3453 1118 3518 binae
1135 3450 1239 3516 Missae
1263 3449 1407 3515 Conven-

319 3549 441 3625 tuates,
465 3545 737 3632 quemadmodum
761 3562 926 3630 nunquam
950 3543 1156 3609 celebrantur
1171 3541 1204 3605 in
1227 3535 1406 3603 Dominicis

319 3634 419 3705 resto
446 3633 567 3719 duplici
591 3634 764 3719 impeditis.
793 3632 899 3700 deuel.
923 3642 962 3697 to.
987 3631 1008 3697 E
1032 3653 1058 3696 c.
1085 3628 1127 3695 ld
1151 3627 1180 3693 cl.
1205 3627 1236 3694 E.
1261 3649 1291 3691 n.
1314 3624 1370 3691 LE.

387 3723 421 3801 u,
447 3721 591 3807 Reliqua
614 3721 799 3798 hominium,
824 3740 938 3807 nempe
962 3719 1069 3796 tertia,
1094 3722 1221 3804 quarta,
1245 3716 1358 3802 quinta
1374 3720 1407 3779 et

320 3819 414 3879 sexta
438 3812 466 3878 si
491 3810 598 3887 locum
622 3831 686 3876 non
702 3810 822 3884 habent
838 3817 913 3897 post
937 3807 1147 3895 Epiphaniam
1170 3810 1245 3871 ante
1269 3802 1405 3890 Septua-

319 3900 491 3987 pesimam,
515 3897 755 3965 transferuntur
778 3904 852 3983 post
874 3898 1099 3963 Pentecosten.
1125 3894 1161 3962 Si
1182 3912 1280 3980 porro
1298 3910 1403 3978 neque

319 3994 396 4077 post
411 3988 632 4068 Pentecosten
656 3988 753 4054 alicui
769 4005 881 4052 earum
905 3992 1071 4051 remaneat
1094 3984 1195 4058 loeus,
1212 3991 1291 4048 tune
1312 3978 1401 4045 illius

319 4097 394 4166 que
417 4084 569 4164 superest
591 4074 739 4145 Officium
774 4075 881 4183 agitur
904 4074 937 4143 in
959 4070 1125 4148 sabbato,
1149 4069 1235 4158 quod
1258 4067 1403 4170 proniore
