3484 4875
530 509 749 558 anuomnonns
764 511 794 557 nr
809 511 899 557 ansra
914 510 1089 557 sermuanrs
1253 492 1316 558 168

329 609 447 676 minrca
466 613 558 679 tertia
582 614 777 701 Septembris
791 617 878 703 juxta
897 618 987 683 ciuile
1003 626 1198 703 computum,
1214 615 1342 683 Festum

329 699 552 767 secundarium
582 706 698 770 colitur
720 706 775 771 Vll
799 706 950 771 Dolorem
973 706 1006 771 B.
1031 706 1069 771 Μ.
1093 707 1142 781 V.‚
1166 714 1199 771 ut
1227 706 1259 769 in
1282 704 1344 772 Ka·

330 789 468 853 ,ondario
492 794 712 879 prescriptum
736 804 793 860 est.
819 796 859 859 Ar
884 795 936 860 ubi
959 795 989 859 in
1014 794 1176 859 Dominiea
1200 793 1259 858 hac
1290 812 1342 859 oc·

329 886 436 942 rurrat
458 877 576 963 (etiam
600 883 771 970 perpetuo)
797 883 924 950 Festum
949 883 1034 948 alind
1058 883 1091 947 8.
1117 881 1208 948 MV.
1233 881 1344 948 eodem

329 966 399 1040 ritu,
424 966 634 1034 cerularium
659 973 827 1058 quodpiam
852 972 911 1036 sub
928 973 991 1037 ritu
1015 972 1133 1057 duplici
1157 971 1267 1056 primae
1290 977 1345 1036 aut

329 1054 475 1118 secundae
499 1058 621 1134 classis,
637 1061 686 1124 vel
710 1060 776 1125 dies
800 1060 917 1126 Octava
942 1060 1164 1135 dedicationis,
1182 1059 1343 1134 Titularis,

329 1141 456 1206 Patroni
472 1155 543 1220 etc,
560 1167 631 1231 quae
652 1168 713 1214 non
730 1152 772 1214 sit
788 1149 826 1213 de
843 1149 876 1214 B.
894 1150 932 1215 M.
949 1150 984 1213 V.
1002 1148 1143 1236 (excepta
1161 1147 1210 1212 die
1227 1145 1344 1213 Octava

329 1229 508 1298 Nativitotis
532 1235 571 1298 ub
596 1235 722 1302 Festum
747 1237 803 1303 SS.
820 1238 961 1302 Nominis
985 1237 1018 1301 B.
1037 1236 1256 1302 illidendum
1279 1237 1343 1302 ritu

329 1320 360 1384 ln
378 1339 449 1384 cam
473 1321 636 1409 incidens),
655 1335 719 1391 tum
744 1346 816 1390 vero
836 1326 963 1391 Festum
979 1325 1034 1389 Vll
1049 1325 1200 1390 Dolorem
1217 1326 1247 1388 iu
1272 1343 1343 1409 pro·

329 1410 447 1472 rimam
472 1410 662 1478 transierim
678 1434 715 1479 ex
732 1414 936 1499 sequentihus
952 1413 1133 1489 Dominicis
1158 1433 1227 1498 qliae
1249 1411 1343 1478 Festo

329 1497 456 1580 equalis
481 1500 530 1563 vel
553 1502 676 1567 altioris
698 1504 790 1579 ritus,
813 1511 868 1568 aut
891 1503 941 1568 die
964 1502 1081 1567 Octava
1104 1504 1192 1589 (qum
1216 1521 1278 1565 non
1301 1502 1344 1567 sit

329 1580 365 1647 le
394 1585 427 1649 B.
454 1586 492 1651 M.
515 1586 577 1673 V.)
599 1592 727 1657 minime
754 1591 954 1677 impediatur.
977 1590 1188 1657 Nihilominus
1212 1588 1265 1655 uiri
1287 1589 1343 1655 Fe·

329 1680 411 1737 stum
429 1673 580 1741 llolerum
604 1681 766 1764 peragitur
783 1682 846 1745 ritu
863 1680 981 1766 duplici
999 1681 1108 1765 primm
1125 1688 1179 1745 aut
1195 1676 1343 1743 secundm

329 1760 448 1838 :lassis
465 1765 567 1849 ipsum
593 1775 657 1832 tam
682 1770 712 1833 in
731 1769 892 1833 Dominioa
915 1770 1007 1834 tertia
1029 1788 1124 1853 quam
1141 1770 1172 1833 in
1188 1768 1344 1852 sequenti·

329 1846 385 1913 leus
403 1851 487 1917 cedit
503 1855 629 1938 quidem
646 1858 677 1921 in
695 1859 830 1942 paritate
847 1860 926 1923 ritus
943 1857 1045 1922 Fastis
1066 1858 1211 1922 omnibus
1228 1856 1344 1942 prima·

328 1938 382 2002 riis
398 1939 443 2026 (et
464 1943 560 2007 etiam
584 1947 779 2012 secundariis
804 1946 927 2011 llomini
950 1955 981 2011 ct
1005 1945 1158 2032 lleiparar)
1175 1965 1342 2010 occurren·

328 2025 412 2092 tibus
437 2028 634 2115 (dummodo
657 2035 691 2099 B.
724 2034 762 2100 M.
794 2034 829 2099 V.
862 2036 921 2099 sub
953 2034 1164 2120 appellatione
1192 2033 1343 2099 Dolorurn

328 2129 391 2180 non
414 2119 455 2182 sit
479 2120 663 2207 principalis
690 2124 827 2188 Patrona
849 2123 898 2187 vel
914 2121 1085 2207 Titularis)‚
1103 2122 1159 2187 sed
1175 2120 1341 2187 Festorum

328 2209 510 2287 quorumvis
545 2208 606 2275 diei
633 2209 759 2277 uetare
786 2209 970 2276 arrielertur.
995 2210 1084 2289 Quod
1118 2211 1143 2274 si
1169 2208 1340 2274 Dominirea

328 2308 435 2359 omnes
459 2316 558 2381 usquc
582 2298 621 2364 ad
645 2300 820 2365 Adventum
837 2320 873 2364 eo
891 2299 984 2363 modo
1006 2319 1094 2383 arque
1117 2297 1339 2383 impediantur,

328 2385 393 2448 ium
417 2403 491 2449 vero
516 2384 643 2454 Festum
669 2388 724 2454 Vll
748 2389 897 2455 llolorum
918 2387 1007 2474 juxta
1030 2386 1185 2453 liudricus
1208 2404 1338 2452 necasse

328 2479 377 2536 cst
401 2476 503 2557 primu
531 2474 580 2541 die
610 2479 721 2562 reponi
749 2499 811 2543 non
842 2477 992 2564 impedita
1017 2476 1109 2541 Festo
1140 2495 1249 2540 norem
1281 2474 1338 2540 Lc-

328 2559 465 2627 ctionum
489 2573 562 2648 post
585 2565 780 2632 Dominieam
808 2567 934 2631 tertiam
959 2564 1164 2650 septembris.
1189 2564 1219 2629 S.
1244 2562 1279 2627 n.
1306 2562 1338 2629 Ο.

329 2645 369 2712 la
392 2650 474 2738 Sept.
493 2651 579 2718 1814
602 2654 690 2719 Decr.
708 2677 822 2741 perer„
847 2654 887 2720 18
911 2655 990 2740 dep.
1008 2653 1091 2718 1817
1116 2657 1146 2717 io
1169 2673 1231 2716 erre
1252 2649 1338 2716 Urbis

328 2744 360 2831 orl
376 2736 470 2814 Orbis,
487 2739 529 2804 88
550 2741 612 2807 det.
631 2743 715 2809 1818
738 2745 770 2808 ιἰι
792 2745 899 2809 Seueri.
917 2742 957 2807 ed
977 2743 1007 2817 5,
1024 2752 1053 2807 et
1074 2741 1116 2806 88
1133 2741 1225 2806 Mori.
1252 2740 1333 2805 1851

328 2839 361 2883 ιιι
378 2823 588 2896 Volaterrano.
612 2831 721 2917 Melepe
742 2833 835 2898 etium
860 2831 1086 2896 annotationem
1109 2829 1149 2894 ud
1173 2851 1198 2894 c.
1219 2829 1240 2894 4
1262 2851 1292 2893 ιι.
1316 2827 1337 2894 8

328 2906 491 2982 Concludit
514 2918 641 2985 demum
664 2922 717 2986 ille
740 2923 859 2987 durior
882 2931 950 2996 etc,
967 2919 1060 2984 neor.
1079 2920 1123 2984 tic.
1148 2919 1188 2983 ld
1212 2941 1241 2984 n.
1265 2916 1286 2982 8
1309 2927 1338 2982 et

328 3015 419 3086 supro
441 3026 468 3070 c.
493 3004 513 3070 8
536 3031 565 3072 ιι.
591 3009 643 3074 51.

371 3088 405 3156 Μ.
430 3090 562 3171 Quando
586 3097 714 3163 Festum
731 3098 785 3163 Vll
807 3097 959 3165 llolorum
983 3098 1017 3162 B.
1038 3096 1078 3162 M.
1094 3095 1142 3172 Μ..
1165 3095 1205 3161 oh
1229 3114 1338 3161 occur·

329 3188 394 3277 suurn
424 3182 556 3250 alterius
578 3185 664 3252 Festi
688 3196 862 3273 utsupra,
890 3185 1080 3252 transfertur
1104 3185 1134 3249 in
1159 3185 1254 3250 aliam
1276 3182 1335 3247 llo·

330 3269 482 3345 miricam,
507 3274 697 3340 translertur
720 3276 814 3341 sirnul
837 3277 939 3361 ipsius
962 3278 1091 3348 Octava,
1116 3272 1168 3337 uhi
1192 3278 1241 3337 est
1264 3291 1337 3336 con·

330 3365 421 3423 oessa.
445 3359 477 3424 S.
509 3362 543 3428 ll.
578 3363 609 3429 0.
639 3364 680 3429 89
710 3363 803 3430 Mart.
828 3364 910 3428 1851
938 3363 969 3427 te
997 3361 1262 3435 Volaterranum
1294 3359 1334 3422 17

329 3433 406 3530 Sept,
432 3447 516 3515 1855
539 3451 572 3516 io
593 3451 710 3519 Aretie.
735 3453 776 3517 ed
807 3453 836 3516 5.
860 3453 905 3517 dc
937 3450 1060 3538 quoties
1083 3449 1115 3512 in
1140 3447 1221 3513 hanc
1252 3446 1337 3512 diem

329 3519 474 3601 (letavam
508 3538 634 3607 Festum
665 3542 751 3606 aliud
781 3540 928 3605 inciderit
958 3539 991 3603 B.
1026 3538 1065 3602 M.
1089 3536 1137 3614 V„
1172 3556 1199 3602 v.
1225 3554 1272 3619 gr.
1298 3535 1337 3600 de

327 3605 477 3713 llercede,
493 3626 549 3693 SS.
566 3629 698 3695 Rosario
721 3637 793 3706 ete,
818 3637 885 3694 tum
908 3627 946 3697 de
969 3625 1123 3713 ejusmodi
1146 3624 1239 3691 Festo
1266 3621 1336 3689 OM·

327 3713 405 3778 llum
429 3721 479 3779 est
501 3717 726 3804 peragendum,
743 3717 781 3783 de
806 3717 855 3781 dic
878 3736 952 3782 vero
969 3714 1086 3781 Octava
1109 3712 1186 3778 nihil
1205 3731 1336 3800 prorsus

327 3780 366 3892 ll.
393 3800 522 3870 Consule
544 3829 570 3873 c.
593 3807 615 3872 4
637 3829 667 3873 e.
690 3807 710 3871 8
733 3806 770 3871 1.·
795 3804 905 3884 Quoad
928 3804 1055 3870 Missam
1079 3800 1187 3868 conler
1210 3821 1280 3888 quae
1304 3822 1335 3868 e·

327 3870 459 3956 luimus
483 3893 522 3959 de
545 3896 606 3962 ulio
630 3895 723 3961 Festo
745 3893 897 3960 Dolorum
920 3893 951 3959 in
975 3892 1035 3958 line
1058 3891 1161 3957 Martii
1185 3911 1215 3956 n.
1240 3889 1290 3956 lV.

351 4010 397 4030 κ-
420 3978 444 4045 l.
469 3981 546 4050 ilum
569 3984 698 4050 Festum
729 3983 778 4050 Ss.
802 3983 940 4049 Cornelii
962 3989 993 4047 et
1016 3980 1164 4069 Cypriani
1196 3977 1336 4046 occurrit

327 4072 349 4125 ¹¹
383 4067 527 4223 {illatum
550 4072 727 4162 Tempora,
757 4072 921 4142 Lectiones
950 4070 1045 4160 primi
1075 4069 1227 4137 Nocturni
1257 4075 1333 4134 suut
