3484 4875
600 500 775 548 annorauoa
792 503 823 548 m
838 502 1093 556 ouaoancasruau
1300 481 1364 548 209

323 606 479 674 siincidat
510 607 544 673 in
567 605 693 673 Feriam
726 616 875 696 quartam
900 608 1060 682 Cinaram,
1093 607 1172 672 nihil
1197 606 1327 692 quidem
1352 629 1385 674 a·

320 695 397 778 gitur
410 696 441 760 in
457 692 621 761 Laudibus
639 703 670 761 et
687 696 795 771 Missa,
813 716 850 761 ac
875 694 1009 782 proinde
1026 696 1254 781 persolvuntur
1268 694 1388 762 Preces

320 781 446 858 renatas,
470 781 641 866 Suffragia,
665 783 785 849 Psalmi
809 782 986 849 Graduales
1011 793 1043 847 et
1067 780 1215 847 Officium
1248 802 1385 868 parvom

320 868 352 936 Β.
370 871 411 948 tt,
429 870 465 936 V.
491 872 540 935 nti
563 880 714 937 constans
747 891 816 936 mos
840 882 912 945 est;
937 871 994 936 sed
1026 872 1059 936 in
1083 869 1243 956 Vesperis
1266 868 1386 937 Octava

320 960 494 1035 resumitur,
527 958 660 1044 ejusque
683 959 719 1024 fit
742 957 890 1025 Officium
923 959 972 1024 vel
1005 958 1269 1024 commemoratio
1295 959 1387 1045 Juxta

320 1047 541 1122 concurrentia
565 1048 664 1130 leges.
681 1047 777 1112 Rubr.
794 1048 897 1136 pecul.
915 1070 944 1112 n.
962 1045 1004 1112 te
1030 1057 1058 1111 et
1081 1047 1112 1112 S.
1131 1047 1167 1112 R.
1189 1046 1220 1112 O.
1245 1045 1289 1112 dd
1312 1046 1383 1113 Jon.

320 1133 398 1202 {tte
421 1136 454 1199 in
477 1135 656 1200 Marsicono
681 1136 722 1199 cd
745 1136 766 1200 L
790 1147 819 1201 et
844 1135 875 1200 5.

377 1224 405 1289 5.
428 1223 520 1289 Feria
545 1231 661 1309 quarta
678 1223 827 1289 Cinerum
844 1232 894 1288 est
910 1224 1111 1309 privilegiata
1128 1223 1241 1308 primae
1258 1223 1384 1298 classis,

320 1308 428 1377 ideireo
451 1311 676 1397 quodcumque
699 1311 830 1378 Festum
854 1312 887 1377 in
916 1331 953 1376 ea
978 1331 1152 1377 occurrens
1177 1309 1382 1376 transfertur.

320 1395 405 1465 Febr.
422 1402 467 1465 tit.
486 1399 527 1465 to
550 1423 580 1465 n.
606 1401 635 1465 i.
653 1398 817 1484 Simplicis
841 1408 949 1464 tamen
973 1400 1023 1463 vel
1046 1399 1151 1464 instar
1174 1399 1330 1483 simplicis
1348 1398 1382 1463 tit
1490 1461 1493 1467 .

320 1488 572 1554 commemoratio
595 1486 688 1575 (sine
708 1489 777 1574 ejus
797 1487 970 1573 Lectione)
994 1488 1027 1551 in
1048 1487 1210 1552 Laudibus
1226 1497 1259 1551 et
1275 1486 1383 1552 Missa.

320 1571 419 1654 Oooad
447 1576 605 1662 Vesperas
629 1576 795 1641 servandae
823 1583 918 1641 erunt
939 1576 1171 1640 concurrentioe
1195 1576 1324 1659 regulae.
1350 1574 1385 1640 ln

320 1655 401 1734 fleta
416 1673 530 1750 quarta
544 1664 723 1749 dematque
739 1665 837 1729 etiam
852 1666 885 1729 iu
899 1663 999 1729 Feriis
1017 1665 1139 1749 quinta,
1152 1672 1242 1728 sexta
1259 1671 1291 1728 et
1307 1661 1384 1728 Sab-

320 1745 387 1826 ‚Lnto
402 1752 621 1838 sequentibus
646 1754 751 1818 omnia
770 1754 921 1818 dicuntur
945 1762 980 1818 ut
995 1753 1038 1817 ibi
1055 1761 1087 1817 et
1103 1753 1134 1817 in
1152 1752 1310 1817 Psalterio
1328 1771 1386 1836 per

320 1843 436 1907 ¹ltuurn.
455 1840 834 1919 Quoaddbsoiutiouem
859 1848 892 1906 et
914 1840 1169 1916 Benedictiones‚
1186 1841 1294 1906 recole
1312 1859 1383 1924 qtrm

320 1923 472 1998 &nimus
496 1949 527 1995 n.
554 1929 594 1995 id
619 1938 692 2015 post
715 1929 937 2015 Epiphaniam.
962 1928 998 1993 in
1023 1927 1135 1994 Oideio
1165 1928 1203 1993 de
1227 1928 1385 2013 Tempore

366 2091 368 2096 ,
391 2024 491 2083 totam
515 2016 800 2101 Quadragesimam
826 2018 986 2083 omittitur
1007 2016 1047 2082 Fe
1072 2016 1183 2091 Penne,
1200 2025 1233 2081 et
1257 2026 1381 2101 postre-

391 2106 534 2172 Lectioni
552 2105 737 2191 adjungitur
761 2106 1025 2191 Responsorium.
1042 2103 1091 2169 dd
1114 2104 1238 2169 Laudes
1266 2104 1310 2191 (et
1329 2124 1386 2190 per
1494 2150 1497 2158 ·

348 2265 371 2272 ,⁸
398 2192 439 2281 s)
472 2194 512 2260 ab
537 2194 597 2259 hac
630 2193 680 2259 die
712 2214 814 2279 usque
847 2195 887 2259 ad
911 2193 1038 2258 Feriam
1070 2200 1219 2277 quartam
1253 2191 1384 2277 majoris

359 2279 546 2357 idomadae‚
570 2283 601 2347 in
627 2280 738 2347 Officio
762 2281 866 2347 feriali
899 2280 1061 2347 adduntur
1084 2280 1199 2344 Preces
1232 2277 1383 2355 feriales,

371 2372 397 2436 is
420 2370 557 2456 genibus
573 2368 632 2459 (ab
649 2370 906 2435 Hebdomadario
932 2368 1062 2456 quidem
1087 2387 1187 2454 usque
1211 2366 1251 2432 ad
1275 2366 1303 2449 i.
1321 2365 1383 2431 Do-

352 2454 409 2527 'ce
430 2460 587 2524 vobiscum
613 2469 689 2525 ante
721 2460 858 2545 primam
883 2457 1092 2530 Orationem;
1121 2457 1161 2521 ah
1186 2457 1257 2520 aliis
1283 2475 1383 2538 usque

333 2622 339 2637 ι
370 2547 398 2631 p.
419 2547 642 2613 Benedicomns
658 2547 791 2612 Domino
816 2555 890 2632 post
907 2547 1053 2611 ultimam
1071 2543 1267 2609 Orationem.
1287 2543 1383 2608 Onon.

319 2628 416 2709 OM
431 2658 463 2700 n.
481 2633 513 2720 d)
531 2655 603 2700 cum
628 2635 806 2718 Suiiragiis,
823 2634 940 2718 quibus
964 2634 1172 2718 praemittitur
1189 2651 1384 2696 commemo·

319 2724 390 2789 uuo
415 2723 550 2797 Crucis3
574 2723 631 2788 sed
654 2724 739 2789 enim
764 2722 923 2807 Suffragia
948 2721 1114 2787 dumtaxat
1138 2721 1244 2785 locum
1266 2719 1387 2784 habent

319 2816 410 2897 ¹⁸que
434 2810 476 2876 ad
499 2810 697 2877 Dominicam
723 2812 896 2876 Passionis.
921 2810 1087 2875 Praedicta
1113 2809 1228 2875 Preces
1252 2816 1313 2873 eto.
1341 2806 1387 2873 di·

319 2904 428 2971 untur
451 2901 549 2965 etiam
573 2900 614 2965 ad
637 2898 808 2985 Vesperas‚
833 2898 962 2983 quaudo
987 2907 1062 2964 sunt
1086 2897 1126 2962 de
1148 2896 1253 2962 Feria.

331 3036 337 3045 .
376 2987 411 3054 d.
436 2987 472 3051 in
506 2984 757 3071 Quadragcsima
790 2987 886 3052 Missa
920 2986 958 3051 de
985 2986 1143 3072 Tempore
1175 2983 1317 3070 quotidie
1341 2993 1390 3049 est

319 3076 451 3163 unpria.
477 3074 511 3139 in
535 3095 572 3140 ea
592 3076 713 3161 jugiter
736 3076 997 3160 praetermittitur
1023 3074 1140 3147 Gloria,
1165 3075 1192 3137 si
1216 3072 1311 3138 modo
1335 3091 1388 3136 ex·

319 3154 413 3249 tipias
429 3162 556 3228 Feriam
574 3167 718 3247 quintam
742 3165 774 3228 in
792 3163 889 3228 Coena
912 3163 1039 3228 Domini
1060 3181 1098 3227 ac
1115 3160 1292 3226 Sabbatum
1315 3179 1388 3224 san-

319 3253 411 3319 uum.
429 3251 456 3316 Α
473 3251 566 3317 Feria
590 3261 704 3337 quarta
729 3251 879 3317 Cinaram
904 3271 1005 3336 usque
1029 3248 1070 3314 ad
1093 3249 1291 3314 Oominicam
1316 3247 1391 3312 Pas·

318 3332 413 3407 tionis
436 3338 458 3403 L
482 3337 591 3405 Oratio
615 3347 664 3404 est
681 3341 707 3404 Α
726 3340 853 3416 cunctis,
877 3339 896 3404 5
922 3339 1130 3424 Omnipotens,
1154 3337 1216 3401 nisi
1240 3343 1392 3400 occurrat

318 3429 577 3497 'utmmemoratio
609 3427 794 3512 Simplicis,
829 3435 896 3493 tum
921 3427 1038 3512 quippe
1066 3424 1086 3490 2
1111 3422 1222 3488 Oratio
1254 3422 1317 3486 erit
1349 3421 1391 3486 de
1503 3481 1506 3485 .

318 3505 503 3603 iimplieid
527 3515 554 3580 Α
579 3515 706 3591 cernetis,
723 3513 833 3580 Oratio
861 3515 1060 3666 Omnipotens
1084 3521 1133 3577 est
1155 3508 1390 3597 pretereunda.

318 3590 446 3672 tractus
470 3603 589 3686 legitur
621 3611 745 3668 tantum
768 3604 799 3668 in
824 3603 921 3668 Missa
971 3602 1046 3666 eriae
1070 3598 1242 3674 secundm,
1267 3603 1391 3682 quartae

318 3695 342 3756 d
363 3699 466 3758 sexte
490 3710 590 3775 usquo
614 3691 653 3756 ad
678 3691 805 3756 Feriam
829 3698 979 3774 qiuartam
1007 3688 1139 3774 majoris
1163 3685 1391 3753 Hebdomade.

318 3768 413 3846 irone
438 3778 605 3844 dumtaxat
637 3779 754 3844 dicitnr
778 3779 809 3843 in
834 3778 1009 3843 Dominicis
1041 3795 1079 3842 ac
1102 3774 1195 3841 Ferit
1222 3774 1334 3860 'quima
1358 3774 1390 3839 in

318 3855 406 3937 icona
430 3864 568 3933 Oomini.
592 3866 741 3933 Praefatio
760 3866 820 3943 Qut
843 3887 898 3932 cor
922 3865 1004 3930 omli
1020 3865 1144 3951 jejunio
1170 3864 1335 3936 recitatur,
1360 3881 1391 3926 e·
1493 3888 1495 3893 ·

319 3949 389 4031 iam
412 3955 447 4023 in
463 3954 649 4033 Oominicis,
667 3976 725 4022 nec
751 3975 813 4020 non
837 3955 870 4021 in
887 3887 990 4019 Festis
1007 3952 1201 4019 Sanctorum
1224 3951 1393 4038 propriam

318 4057 374 4115 ton
398 4043 604 4199 hapipentibus,
628 4064 646 4110 a
670 4044 761 4110 Feria
786 4051 901 4130 quarta
918 4041 1068 4108 Cinerum
1091 4060 1191 4128 usqrre
1213 4038 1257 4106 ad
1284 4037 1390 4121 Oomi·
