3484 4875
445 490 511 557 tau
681 504 901 553 nnnovxnonrs
917 505 947 550 nv
962 504 1053 551 rnsrn
1068 504 1233 552 nsoxuonrs

468 623 501 679 et
524 633 606 679 nona
637 613 743 678 Lectio
775 611 959 698 adjungitur
990 612 1028 678 de
1051 612 1182 678 homilia
1216 612 1366 691 Sabbati,
1395 617 1474 705 eujus

468 704 565 768 etiam
589 703 848 768 commemoratio
881 702 1044 787 peragitur
1074 702 1107 767 in
1131 701 1297 771 Laudibus
1321 703 1400 791 (per
1420 707 1463 772 Au·

468 792 631 879 tipbenam
655 790 732 856 Ecce
755 788 933 878 completo)
957 799 987 854 et
1011 792 1042 854 in
1067 789 1162 855 lllissa
1186 811 1259 857 oum
1284 792 1421 878 ejusdem
1438 796 1465 860 L·

466 882 611 965 vangelio
629 882 660 945 in
678 880 749 954 line,
766 877 901 963 denique
918 878 1067 943 dicuntur
1083 879 1153 944 duae
1169 879 1277 945 Missae
1296 882 1465 949 Conventus-

467 969 527 1041 les,
552 988 631 1054 quas
662 967 828 1033 ordinandi
861 968 942 1031 ratio
976 967 1112 1032 traditur
1145 988 1170 1031 c.
1197 969 1217 1033 ll
1242 990 1275 1035 n.
1302 971 1324 1035 2
1349 982 1379 1036 et
1401 993 1462 1059 seqq.

467 1057 527 1121 Ubi
551 1077 626 1124 vero
649 1076 752 1142 neque
775 1065 946 1131 occurrat,
969 1076 1028 1122 nec
1052 1056 1162 1143 reponi
1187 1077 1270 1144 opus
1296 1063 1341 1125 sit
1358 1056 1464 1127 'uesieu

467 1147 596 1231 aliquod
613 1146 728 1232 duplex
745 1146 794 1210 vel
809 1144 1018 1230 semiduplex‚
1035 1142 1178 1211 Officium
1205 1148 1269 1211 erit
1287 1146 1329 1213 de
1353 1148 1465 1215 Sabbata
1497 1175 1500 1180 ·

467 1236 512 1300 uti
536 1237 567 1300 ln
584 1235 750 1310 Psalterio,
768 1253 839 1299 curn
856 1233 1058 1299 Lectionibus
1076 1233 1207 1299 Sabbati
1226 1234 1377 1314 Quatuor
1399 1239 1467 1304 'len-

466 1343 591 1409 porum.
617 1322 736 1388 Deinde
766 1321 806 1386 ad
829 1321 954 1387 Laudes
986 1342 1067 1393 cum
1087 1322 1226 1387 Psalmis
1260 1323 1396 1391 Sabbati
1418 1349 1470 1393 oon·

462 1411 633 1496 jungendae
648 1421 724 1477 sunt
737 1410 926 1497 Antiphone
943 1409 982 1477 de
998 1410 1157 1477 Laudibus
1173 1411 1356 1479 llominieae
1372 1426 1470 1500 quarte

465 1499 627 1566 Adventus
662 1499 809 1587 (absque
842 1499 1000 1585 Alleluia,
1025 1500 1071 1565 uti
1109 1501 1259 1586 superius
1298 1504 1471 1591 innuimus),

465 1599 581 1673 quarta
603 1589 836 1674 praetermissa,
860 1588 892 1654 in
917 1588 1006 1674 cujus
1030 1590 1136 1654 locum
1158 1589 1374 1657 substituitur
1405 1595 1472 1659 Anti·

465 1677 572 1763 phona
594 1677 791 1765 deportetur,
808 1685 840 1743 et
855 1677 895 1741 ad
911 1676 1092 1741 Benedictus
1108 1678 1296 1763 Antiphone
1320 1680 1398 1747 Ecce
1411 1705 1472 1748 con·

464 1765 560 1853 pleta,
584 1786 655 1831 curn
681 1764 830 1831 Oratione
854 1765 984 1831 Sabbati
1009 1764 1380 1853 viatuor·Temporum.
1396 1771 1471 1837 llutr.

463 1862 533 1940 post
559 1854 617 1940 Off.
642 1852 731 1919 Dum.
750 1855 775 1918 u
799 1854 876 1920 Ado.
902 1864 931 1919 et
953 1854 984 1919 in
1007 1854 1078 1919 Sat.
1106 1854 1139 1931 O.
1167 1854 1200 1921 Τ.
1226 1857 1372 1946 Attende¹>
1398 1844 1472 1925 etidn

466 1942 605 2029 suposito
628 1943 684 2007 sub
707 1942 757 2007 die
779 1943 820 2008 ll
846 1943 937 2029 hujus
960 1944 1070 2008 mensis
1093 1966 1122 2007 n.
1146 1943 1189 2009 ll.
1207 1945 1258 2011 Ad
1289 1947 1393 2028 Horas
1414 1950 1470 2013 itero

465 2029 652 2096 adhibenda
675 2040 749 2097 sunt
772 2031 962 2118 Antiphone
994 2031 1165 2098 Dominicae
1195 2044 1336 2119 quartae.
1366 2037 1412 2101 Ad
1429 2036 1471 2101 lle·

467 2139 577 2205 speras
601 2128 706 2185 autem
731 2119 784 2206 (si
809 2121 937 2205 quidem
961 2120 1054 2186 bodie
1071 2119 1218 2187 Ollioium
1235 2122 1374 2190 Sabbati
1397 2144 1468 2211 pera·

466 2216 551 2273 ctum
569 2207 838 2295 sit)‘Antiphonte
861 2218 894 2275 et
916 2210 1034 2275 Psalmi
1057 2209 1096 2274 de
1119 2209 1264 2276 Sabbato
1284 2212 1429 2280 dicuntur
1445 2222 1469 2278 nt

464 2298 497 2361 iu
519 2297 686 2374 Psalterio,
710 2318 728 2362 a
753 2297 897 2384 Capitulo
922 2298 1094 2364 bominieae
1118 2307 1241 2384 quartae
1259 2301 1428 2368 Adventus.
1445 2302 1467 2366 S.

466 2384 502 2450 R.
523 2386 555 2452 Ο.
572 2385 614 2453 22
631 2386 701 2475 Sep.
719 2386 803 2452 llus
819 2386 851 2451 in
874 2387 1016 2453 Viennen.
1034 2387 1075 2453 od
1092 2388 1121 2454 8.
1145 2388 1195 2453 Ad
1210 2388 1396 2480 Mopnifimt
1414 2410 1466 2478 pru·

466 2477 636 2541 nunciatur
659 2476 840 2562 Antiphona
878 2477 1227 2556 cannamomum
1254 2478 1406 2546 Oratione
1425 2479 1466 2544 lle

465 2564 589 2629 minicae
613 2574 744 2649 quartae.
768 2565 909 2651 Denique
933 2565 1026 2629 bodie
1048 2565 1161 2649 Vigilia
1192 2576 1241 2632 est
1268 2567 1465 2636 tantummodo

465 2653 571 2736 quoad
591 2653 755 2740 jejunium.
780 2652 870 2732 Quod
888 2655 915 2718 si
931 2654 1025 2719 bodie
1048 2663 1154 2720 actum
1178 2657 1221 2721 sit
1237 2655 1374 2724 Festum
1395 2657 1465 2723 semi·

465 2740 601 2827 duplex,
626 2743 774 2829 Vespere
803 2762 933 2807 rursum
964 2751 1057 2808 erunt
1080 2763 1097 2808 a
1121 2743 1270 2830 Capitulo
1295 2746 1465 2820 Dominiea,

465 2848 537 2893 eum
555 2831 854 2896 commemoratione
871 2831 1091 2916 praecedentis.
1109 2833 1151 2897 At
1164 2831 1219 2896 ubi
1243 2833 1378 2902 Festum
1394 2835 1466 2900 luerit

465 2916 591 3003 duplex,
616 2927 690 2984 tuno
713 2919 860 3006 Vespera
884 2920 1017 3004 integrae
1041 2919 1079 2985 de
1099 2921 1178 3006 ipso,
1197 2942 1272 2988 oum
1300 2942 1466 2990 commemo

467 3007 590 3070 ratione
612 3006 794 3083 Dominicee,
817 3009 1048 3094 persolventur.
1072 3009 1107 3074 ln
1128 3009 1216 3074 bisce
1232 3010 1387 3098 Vesperis
1408 3010 1467 3078 nibil

465 3091 500 3158 lit
517 3093 555 3159 de
571 3094 694 3180 vigilia,
719 3097 791 3182 quia
806 3096 901 3183 hujus
917 3095 1061 3162 Officium
1085 3099 1196 3184 incipit
1219 3099 1262 3163 ad
1288 3101 1466 3167 llatutinum.

508 3182 546 3248 ll.
571 3182 604 3248 st
628 3184 721 3249 hodic
742 3206 845 3280 neque
868 3185 1042 3252 Sabbatum
1064 3187 1115 3261 sit,
1132 3207 1235 3272 neque
1253 3188 1428 3266 Dominiea‚
1442 3207 1466 3253 ae

465 3270 609 3338 Officium
632 3275 786 3339 recitetur
808 3274 847 3338 de
869 3274 979 3352 deria,
1002 3273 1042 3340 ad
1073 3274 1196 3340 Laudes
1229 3286 1263 3341 et
1295 3300 1355 3366 per
1385 3279 1468 3344 lloras

457 3360 655 3427 adhibentur
670 3362 858 3448 Antiphonae
882 3361 1008 3429 leriales
1031 3365 1168 3448 propriae
1192 3385 1231 3429 ex
1255 3366 1352 3434 Feria
1376 3385 1467 3433 occur·

464 3451 557 3515 renti.
581 3450 698 3516 Verum
721 3452 762 3516 ad
785 3451 965 3517 Benedictus
997 3460 1168 3538 usurpatur
1192 3453 1378 3542 Antiphona
1407 3454 1468 3521 dee

465 3539 627 3626 completo,
652 3560 721 3625 quae
745 3539 796 3605 die
819 3540 878 3606 bae
902 3561 1029 3627 semper
1056 3548 1105 3605 est
1135 3540 1284 3610 dicenda.
1317 3544 1350 3610 Si
1381 3553 1468 3611 auten

464 3627 611 3693 inciderit
635 3628 808 3705 Dominica‚
832 3631 1025 3715 persolvitur
1047 3627 1192 3695 Ollicium
1209 3631 1249 3696 de
1267 3653 1320 3710 ea,
1338 3654 1410 3700 cum
1424 3633 1469 3699 An·

465 3715 594 3800 tiphona
617 3716 657 3783 ad
678 3716 858 3783 Benedictus
874 3726 910 3784 ut
925 3739 1033 3805 supra.
1051 3719 1200 3786 Attamen
1216 3721 1372 3789 secundis
1388 3723 1468 3810 ipsius

464 3801 613 3890 Vesperis
636 3825 834 3898 nequaquam
851 3806 1064 3875 adnectuntur
1078 3806 1227 3891 Vespere
1244 3808 1469 3881 Delunoteruuv

464 3911 600 3977 quorum
613 3913 714 3980 neque
726 3915 798 3961 oras
809 3897 963 3962 recitatur
975 3894 1129 3961 Officium.
1138 3894 1214 3962 Vide
1225 3918 1327 3988 supro
1341 3923 1368 3967 c.
1380 3902 1398 3965 7
1409 3924 1435 3965 a.
1447 3899 1468 3962 5.

420 3978 473 4048 al.
490 4017 534 4030 -
548 3980 572 4046 1.
588 3979 702 4066 Vigilia
716 3983 906 4060 Natiuitatis,
923 4005 978 4050 seu
995 3986 1095 4072 ipsius
1118 3982 1268 4054 Officium
1290 4005 1467 4078 semperne

465 4067 536 4136 dem
560 4071 724 4158 peragitur
745 4071 806 4151 die,
828 4075 861 4141 in
884 4093 977 4162 quem
1001 4064 1127 4151 incidit;
1151 4093 1189 4140 ac
1206 4077 1345 4164 proinde
1362 4081 1469 4146 amovet
