3484 4875
480 509 698 556 anuornrroues
715 509 744 555 nr
761 508 850 555 rrsra
866 511 1044 558 serrenrms
1207 495 1269 562 575

239 647 255 681 a
272 616 471 683 declaratum
494 624 543 682 est
566 615 629 682 etl
653 615 721 681 nh
745 623 776 679 et
798 636 886 703 seqq.
911 617 945 682 Si
967 617 1061 682 hodie
1084 616 1180 684 luerit
1195 618 1286 686 Feria

272 714 363 772 sexta
387 702 529 783 Quatuor
551 704 753 793 Temporem,
774 705 841 790 ejus
865 706 1123 772 Postcommunio
1148 729 1288 773 commu·
1337 718 1339 722 ’

271 794 395 860 tabitur
418 814 455 858 ac
478 802 621 859 sumetur
644 815 681 858 ex
708 791 847 859 Sabbato
871 798 1025 881 sequenti.
1054 796 1183 861 Atteode
1207 798 1288 884 qood

271 885 304 948 in
330 880 572 967 Quadrupesimo
594 906 624 946 o.
650 882 691 946 tle
713 882 768 945 sub
790 882 883 968 fierem
906 884 1155 949 oairnodversum
1179 897 1233 951 est.

318 971 356 1036 ll.
381 972 475 1035 Missa
505 970 554 1035 Ss.
579 971 752 1058 Martyrum
782 971 918 1037 Mauritii
942 982 973 1038 et
996 972 1162 1040 Sociorum
1196 977 1222 1039 si
1246 976 1289 1040 le-

273 1060 376 1145 genda
400 1061 452 1133 sit,
476 1060 507 1123 in
531 1060 648 1124 Missali
672 1060 731 1124 hac
755 1060 822 1145 ipsa
847 1060 897 1125 die
920 1062 952 1126 in
976 1072 1126 1148 promptu
1151 1063 1252 1129 adest.

232 1150 282 1215 25.
307 1185 352 1197 -
374 1147 397 1212 1.
422 1147 549 1213 Festum
574 1147 765 1212 Inventionis
789 1146 820 1211 S.
838 1148 939 1215 Clarae
962 1151 989 1214 si
1013 1150 1131 1215 incidat
1155 1154 1185 1216 in
1211 1152 1290 1230 Quo·

275 1246 348 1303 tuor
371 1236 545 1321 Tempora,
568 1237 733 1302 Lectiones
758 1237 853 1322 primi
875 1238 1028 1303 Nocturni
1063 1249 1138 1305 srmt
1160 1240 1205 1305 De
1229 1242 1288 1304 oir-

272 1326 409 1411 qinibus;
426 1325 477 1390 ubi
502 1346 575 1389 vero
600 1323 742 1391 Officium
766 1326 871 1407 agitur
895 1325 926 1391 S.
945 1327 1013 1391 Lini
1036 1327 1130 1413 Papae
1155 1336 1186 1393 et
1212 1328 1291 1393 Mar·

275 1416 355 1502 tyris
387 1422 461 1478 sunt
483 1414 511 1479 A
533 1414 660 1487 Mileto5
691 1412 859 1498 utrobique
892 1435 974 1479 nona
998 1416 1105 1480 Lectio
1137 1418 1291 1483 recitatur

264 1501 313 1568 ‘de
345 1502 475 1567 homilia
498 1501 619 1578 Merito,
651 1523 722 1567 cum
755 1501 822 1586 ejus
855 1505 1157 1569 commemoratione
1190 1505 1290 1591 (ante

275 1591 411 1656 alteram
427 1589 459 1655 S.
477 1589 620 1676 Theclae)
644 1592 674 1655 io
698 1590 857 1655 Laudibus
875 1600 906 1656 et
922 1593 1026 1669 Missa,
1044 1593 1175 1678 ejusque
1191 1592 1289 1658 Evan-
1311 1623 1314 1628 ·

274 1680 359 1765 gelio
382 1680 414 1743 in
439 1679 541 1744 Missae
564 1678 640 1755 fine;
665 1680 801 1765 denique
823 1678 906 1745 binae
929 1682 1032 1746 Missae
1057 1682 1288 1748 conventuales

229 1781 234 1788 '
275 1767 419 1835 dicendae
430 1777 538 1905 ⁶punt,
570 1787 639 1853 quae
663 1768 851 1834 ordinantur
874 1781 969 1854 prout
993 1772 1217 1857 praescriptum
1240 1780 1289 1837 est

275 1879 304 1924 c.
330 1857 350 1921 8
374 1877 405 1921 n.
432 1897 450 1920 Α
474 1865 505 1922 ct
529 1877 563 1921 se
611 1909 618 1921 .

249 1979 251 1988 ·
318 1945 358 2010 ll.
383 1944 475 2030 Apud
498 1877 747 2021 nosiquraduali
771 1946 802 2010 in
827 1948 922 2012 Missa
946 1948 1074 2034 propria
1098 1945 1290 2014 Inventionis

274 2033 308 2099 S.
355 2032 456 2098 Clarae
490 2033 614 2120 adjecto
649 2033 904 2101 substituendum
947 2045 996 2100 est
1038 2036 1098 2100 hoc
1134 2038 1290 2101 alterum:

252 2123 368 2189 lsuioe
392 2122 443 2186 58.
468 2119 595 2187 Orietur
618 2123 649 2185 in
674 2121 812 2187 tenebris
835 2125 890 2189 lox
913 2130 988 2199 tua,
1012 2132 1043 2187 et
1066 2125 1206 2189 tenebrae
1230 2133 1292 2188 tuae

246 2249 248 2254 ·
271 2218 369 2277 erunt
392 2212 475 2276 sicut
498 2210 655 2275 meridies.
679 2210 706 2292 y.
732 2210 770 2275 Et
792 2212 933 2296 requiem
957 2211 1015 2276 tibi
1035 2210 1123 2275 dabit
1139 2211 1292 2277 Dominus

269 2299 359 2365 Deus
384 2307 456 2363 tuus
479 2318 626 2385 semper,
660 2307 692 2363 et
725 2300 870 2384 implebit
904 2300 1128 2385 splendoribus
1153 2301 1292 2365 animam

272 2396 377 2462 tuam,
401 2395 432 2461 et
454 2408 527 2453 ossa
550 2397 604 2453 tua
626 2387 783 2453 liberabit.
808 2388 966 2474 Alleluia,
990 2388 1128 2475 alleluja.
1159 2389 1187 2472 y.
1210 2387 1291 2455 llccl.

274 2479 317 2543 51
343 2500 371 2542 o.
398 2477 448 2542 l7.
474 2478 645 2564 Propterea
669 2477 856 2554 confitebor,
881 2485 912 2542 et
936 2476 1062 2542 laudem
1087 2477 1191 2542 dicam
1214 2478 1292 2550 tibi;

271 2575 309 2633 et
331 2565 516 2631 benedicam
540 2567 659 2631 nomini
682 2565 816 2632 Domini.
840 2566 987 2652 Alleluja.
1012 2564 1060 2629 lta
1084 2587 1124 2630 en
1147 2565 1236 2630 Beer.
1260 2566 1291 2631 S.

240 2688 242 2697 ·
271 2655 315 2722 R.
343 2654 374 2719 0.
399 2653 461 2718 diei
482 2654 523 2720 tt
547 2654 623 2720 Noe.
649 2654 745 2719 1855.

320 2741 374 2808 lll.
399 2741 507 2808 Sicubi
524 2742 712 2808 celebranda
728 2744 769 2807 sit
785 2743 880 2809 Missa
897 2742 928 2808 S.
946 2742 1072 2808 Theclae
1087 2742 1174 2826 Virg.
1191 2750 1223 2807 et
1243 2742 1293 2819 M,

270 2833 332 2898 illa
364 2832 522 2919 petitore
546 2831 710 2897 Communi
733 2833 836 2917 primo
859 2835 953 2908 loco,
985 2851 1098 2917 nempe
1121 2832 1293 2918 Loquetur,

275 2939 353 2987 cum
378 2921 479 3006 prima
503 2918 652 2985 Oratione
669 2941 738 3004 quae
755 2923 885 3007 propria
910 2922 941 2986 in
964 2920 1084 3006 Missali
1100 2929 1217 3007 praesto
1235 2931 1292 2986 est.

227 3009 285 3077 at.
311 3045 357 3057 -
379 3008 508 3087 Quoties
525 3007 653 3074 Festum
669 3009 702 3074 B.
720 3009 758 3074 M.
772 3009 807 3074 V.
827 3010 864 3075 de
881 3009 1035 3086 Mercede,
1053 3011 1099 3074 vel
1119 3009 1150 3075 S.
1168 3009 1294 3074 Pacifici

276 3097 365 3184 apud
379 3118 447 3172 uos,
460 3098 571 3162 incidit
587 3099 617 3162 in
636 3097 777 3176 Quatuor
789 3099 958 3184 Tempora,
971 3117 1054 3163 nona
1070 3098 1177 3163 Lectio
1191 3106 1241 3164 est
1256 3098 1294 3163 de

272 3187 408 3253 homilia
425 3186 535 3261 Feriae,
552 3193 584 3250 et
599 3186 693 3272 hujus
710 3189 971 3253 commemoratio
989 3188 1023 3251 lit
1038 3188 1071 3251 in
1087 3186 1247 3251 Laudibus
1264 3194 1295 3250 et

272 3275 384 3350 Missa,
409 3295 467 3340 neo
492 3295 553 3339 non
576 3275 694 3358 legitur
717 3274 921 3359 llvangelium
946 3277 978 3339 in
1002 3275 1105 3338 Missae
1123 3275 1199 3348 fine;
1225 3273 1294 3338 duae

273 3367 409 3448 insuper
424 3363 635 3428 ‘celebrantur
657 3363 760 3428 Missae
785 3363 1026 3436 Conventuales,
1051 3382 1129 3446 quas
1154 3362 1294 3426 ordinari

273 3460 404 3538 oportet
428 3459 523 3537 prout
547 3450 798 3517 demonstratum
822 3461 870 3517 est
895 3474 921 3516 c.
947 3453 965 3516 il
991 3472 1021 3515 n.
1046 3450 1066 3515 ἓ
1091 3458 1122 3515 et
1145 3470 1232 3535 seqq.

227 3540 286 3609 26.
311 3539 460 3618 -Quid
491 3539 715 3627 perficiendum
746 3541 786 3605 sit
817 3541 871 3605 ubi
903 3538 1047 3604 Officium
1071 3537 1120 3604 Ss.
1146 3538 1292 3625 Cypriani

239 3658 242 3665 ·
276 3636 311 3696 et
334 3628 465 3693 lustina
489 3629 663 3716 Martyrum
694 3629 886 3714 persolvitur
908 3629 971 3693 ritu
995 3627 1155 3712 simplici,
1184 3626 1295 3692 edocet

276 3719 443 3785 annotatio
472 3718 504 3782 in
535 3717 616 3782 diem
642 3717 683 3782 lt
706 3718 824 3802 Aprilis
855 3739 886 3783 n.
910 3716 963 3782 Ill.
987 3715 1083 3780 Missa
1115 3716 1175 3780 erit
1205 3715 1294 3780 Solus

276 3815 385 3873 utitem
408 3805 456 3871 de·
469 3804 633 3872 Communi
657 3805 867 3891 plurimorum
890 3806 1086 3892 Martyrum,
1119 3824 1191 3870 cum
1215 3801 1308 3870 Ora.

277 3895 419 3964 tionibus
443 3915 512 3978 quae
535 3897 567 3959 in
591 3895 708 3960 Missali
733 3894 792 3959 hac
816 3893 866 3958 die
891 3901 1073 3980 suppetunt.

227 3982 287 4052 29.
314 4020 361 4035 -
383 3982 514 4062 Quando
536 3982 666 4050 Festum
693 3982 725 4049 S.
750 3983 911 4049 Michaelis
934 3981 1125 4066 Archangeli
1152 3983 1292 4048 occurrit

233 4120 235 4125 -
276 4077 312 4140 in
336 4072 521 4149 Dominica,
554 4092 591 4138 ex
621 4081 732 4140 octava
755 4081 788 4140 et
809 4093 893 4139 nona
917 4073 1008 4138 unica
1031 4070 1139 4137 Lectio
1168 4071 1293 4136 contici-

282 4173 345 4231 tur.
370 4161 464 4227 lton.
489 4160 548 4227 itt.
