3484 4875
367 466 433 535 476
684 480 775 537 rnnnx
789 479 889 526 nnnuu
905 477 1086 527 nornnrnruu
1171 538 1176 545 ι

390 594 479 659 circa
509 586 696 657 Orationem
727 586 769 653 ad
799 587 949 664 libitum,
981 585 1059 653 ibid.
1091 606 1124 653 n.
1147 586 1202 654 IV.
1227 585 1336 656 Oratio
1364 610 1408 657 seu

390 680 535 746 Collecta
556 678 715 763 imperata
737 675 802 749 ubi,
826 674 954 760 quando
977 682 1011 741 et
1033 694 1096 760 quo
1129 677 1244 742 ordine
1273 685 1323 743 est
1342 681 1407 745 reci·

389 767 500 842 tanda,
517 766 581 832 cll
606 786 637 830 n.
656 766 685 830 5.
704 762 837 843 Quando
861 771 894 828 et
916 762 1076 848 quomodo
1093 762 1234 831 dicenda
1250 774 1301 831 est
1317 764 1408 832 Oratio

391 858 424 921 in
448 854 675 921 Anniversario
692 852 869 917 Oreationis
893 858 926 915 et
949 850 1172 918 Coronationis
1198 852 1326 919 Summi
1347 856 1409 919 Pon·
1452 885 1454 898 ·

304 960 306 965 ’
391 943 499 1018 tiliois,
515 961 652 1007 necnon
670 940 843 1005 illectionis
860 945 893 1004 et
905 938 1162 1006 Consecrationis
1180 940 1344 1027 Episcopi,
1354 942 1409 1007 ride

390 1030 658 1097 Anoiocrsorium.
672 1027 782 1094 Oratio
796 1027 835 1093 de
848 1025 905 1092 SS.
919 1025 1128 1093 sacramento
1140 1031 1410 1115 processionaliter

392 1116 659 1192 circumferendo,
683 1125 739 1181 aut
762 1113 949 1202 exponendo
966 1116 1016 1180 vel
1029 1116 1097 1200 jam
1121 1118 1283 1203 exposito,
1300 1118 1410 1204 quando

287 1280 292 1290 ,
392 1214 426 1272 et
449 1205 610 1290 quomodo
634 1203 753 1270 dicitur
775 1204 808 1267 in
831 1202 951 1279 Missa,
975 1223 1003 1269 c.
1027 1204 1046 1269 9
1070 1224 1102 1269 ιι.
1136 1205 1167 1270 6.
1193 1206 1243 1270 Αιι
1275 1206 1309 1270 in
1332 1206 1412 1271 Missa

391 1295 524 1360 recitari
545 1302 642 1378 queat
665 1290 775 1357 Oratio
798 1310 856 1356 seu
880 1290 1022 1356 Collecta
1045 1311 1103 1376 pro
1131 1293 1267 1377 privata
1286 1293 1413 1378 indigen·

391 1383 447 1457 tia,
471 1401 500 1446 ι.
519 1400 566 1465 gr.
586 1400 644 1467 pro
668 1379 797 1445 lniirmo
821 1385 900 1453 eto.;
918 1397 958 1443 an
980 1379 1012 1443 in
1035 1378 1193 1446 bonorem
1217 1380 1411 1456 Sanctorum,

393 1468 471 1533 ibid.
503 1489 535 1534 n.
561 1468 591 1542 7.
623 1467 793 1533 Orationes
824 1467 857 1531 in
892 1465 997 1531 Missis
1028 1468 1142 1532 votivis
1174 1476 1208 1533 et
1236 1468 1278 1534 dc
1308 1469 1413 1555 Reqnie

391 1554 585 1631 recitanda,
609 1577 635 1622 c.
661 1556 681 1621 o
705 1576 735 1620 n.
759 1555 799 1619 ll
826 1563 858 1618 et
881 1554 935 1619 27.
960 1551 1170 1632 Quandonam
1195 1557 1229 1621 in
1252 1556 1357 1623 Missis
1378 1558 1412 1620 ri·

390 1664 506 1709 uorum
530 1644 637 1709 locum
652 1642 770 1708 babeat
785 1640 927 1707 Collecta
948 1661 1007 1726 pro
1024 1641 1201 1721 Deiunotis,
1226 1644 1307 1710 ibid.
1325 1666 1354 1709 n.
1370 1645 1412 1709 25.

391 1730 477 1810 Quot
500 1738 533 1795 ct
556 1751 628 1815 quae
660 1729 829 1797 Orationes
860 1730 1038 1796 recitantur
1067 1731 1100 1795 in
1132 1731 1242 1797 Missis
1271 1731 1413 1798 festorum

391 1818 651 1903 semiduplicium
674 1827 707 1883 et
730 1819 867 1883 aliorum
891 1815 1052 1882 inferioris
1075 1818 1170 1895 ritus,
1196 1841 1225 1886 c.
1242 1820 1263 1886 6
1281 1842 1313 1887 ιι.
1331 1821 1370 1886 ld
1389 1828 1415 1884 et

392 1926 420 1970 c.
439 1906 458 1971 6
483 1926 514 1970 n.
536 1905 589 1969 bt.
608 1905 761 1984 Quaenam
785 1904 954 1970 Orationes
978 1903 1121 1972 dicendae
1144 1915 1233 1984 sunt,
1260 1929 1334 1973 cum
1357 1908 1414 1973 due

390 1992 496 2059 Missae
521 1991 753 2059 Conventuales
776 1992 992 2068 celebrantur,
1016 2012 1043 2057 c.
1068 1993 1087 2058 6
1113 2013 1144 2058 n.
1170 1994 1190 2058 5
1215 2004 1249 2062 et
1274 1997 1306 2063 d.
1330 1996 1363 2061 Si
1382 1992 1413 2059 O·

389 2082 532 2147 rationes
549 2080 614 2146 sint
631 2080 762 2155 eaedem,
780 2099 928 2165 quaenam
945 2088 978 2145 et
994 2080 1154 2165 quomodo
1172 2084 1207 2148 in
1225 2085 1327 2151 aliam
1340 2102 1413 2163 com·

390 2169 564 2244 mutandae,
580 2189 607 2233 c.
626 2169 693 2234 On.
712 2169 753 2234 l5
778 2176 810 2233 et
825 2174 934 2233 annot.
960 2168 993 2232 in
1009 2165 1304 2252 Quadragesimam
1321 2194 1350 2238 n.
1374 2171 1413 2235 ll.

391 2254 526 2334 Quando
556 2255 725 2323 Orationes
755 2262 928 2321 censentur
956 2255 1097 2331 eaedem,
1129 2276 1157 2321 c.
1184 2258 1205 2324 6
1236 2280 1271 2325 ιι.
1298 2261 1340 2326 lO
1367 2258 1414 2324 sub

389 2344 496 2409 finem.
520 2341 557 2410 In
581 2341 787 2409 Orationibus
818 2362 882 2408 non
906 2350 981 2408 sunt
1013 2343 1213 2427 Cognomina
1236 2368 1299 2413 nec
1321 2347 1414 2413 Patria

391 2430 585 2498 Sanctorum
619 2430 848 2517 exprimenda,
884 2429 992 2495 adnot.
1016 2430 1036 2497 2
1061 2432 1138 2517 dpr.
1163 2434 1237 2512 dn,
1272 2439 1300 2501 si
1335 2436 1415 2501 desta

389 2519 643 2595 transferantur,
668 2519 789 2603 aliquid
810 2519 845 2583 in
868 2515 1073 2584 Orationibus
1097 2521 1140 2585 sit
1164 2522 1414 2596 immutandum,

390 2607 457 2672 cd
480 2630 512 2673 n.
531 2609 561 2674 6.
580 2606 746 2686 Quomodo
771 2605 940 2673 Orationes
966 2607 1216 2692 concluduntur,
1241 2632 1271 2677 c.
1291 2613 1311 2678 6
1328 2634 1357 2678 ιι.
1373 2609 1414 2675 lb.

391 2693 603 2772 Quandonam
635 2694 805 2760 dicendum
837 2701 888 2759 est
910 2693 948 2758 lo
977 2693 1095 2760 coitate
1119 2698 1266 2782 ejusdem
1297 2697 1417 2788 Spiritir

388 2783 498 2857 scorti,
521 2783 598 2848 ibid.

345 2865 529 2934 Oratorium
547 2871 716 2955 privatum.
733 2869 793 2936 Ubi
809 2868 946 2934 babetur
962 2869 1166 2954 privilegium
1183 2872 1218 2938 in
1242 2895 1284 2940 eo
1301 2875 1417 2940 Missam

390 2956 596 3033 celebrandi,
620 2958 736 3042 quibus
759 2956 872 3023 diebus
897 2957 1055 3022 celebrari
1077 2966 1211 3042 potest,
1242 2983 1272 3027 c.
1295 2963 1318 3028 a
1342 2982 1371 3029 ιι.
1392 2962 1415 3025 7.

388 3039 554 3120 Quomodo
578 3044 822 3128 intelligendum
839 3053 889 3109 est
904 3044 1086 3130 hujusmodi
1112 3047 1336 3132 privilegium,
1352 3047 1415 3114 ibid.

388 3149 419 3195 ιι.
443 3130 474 3195 lt.
500 3130 577 3210 Quae
602 3133 698 3197 Missa
722 3132 879 3198 celebrari
904 3131 1028 3208 debeat,
1052 3132 1130 3198 ibid.
1155 3155 1189 3200 ιι.
1217 3137 1249 3202 l.

344 3213 529 3285 Oratorium
553 3221 728 3305 publicum.
751 3217 832 3298 Quid
856 3221 942 3284 venit
966 3221 1025 3286 sub
1049 3222 1180 3286 nomine
1205 3221 1351 3291 Oratorii
1372 3243 1418 3309 pu·

386 3305 474 3383 blici,
498 3308 563 3373 ab
588 3329 619 3372 n.
645 3308 696 3371 ll.
721 3307 822 3372 Debet
845 3306 1003 3384 benedici,
1027 3308 1103 3373 ibid.
1120 3329 1151 3373 n.
1180 3311 1212 3376 7.
1231 3310 1268 3377 Si
1293 3314 1337 3378 sit
1356 3331 1419 3378 oon·

386 3401 570 3469 sacratum,
602 3415 641 3459 an
667 3394 735 3478 ejus
759 3394 923 3460 Oedicatio
948 3396 1105 3463 celebrari
1129 3405 1253 3481 queat,
1279 3401 1356 3466 ibid.
1378 3399 1418 3465 dn

386 3480 455 3564 ejus
486 3481 640 3547 'litnlaris
669 3483 711 3545 sit
740 3482 974 3558 celebrandus,
1007 3482 1082 3548 ibid.
1115 3504 1146 3548 n.
1178 3487 1232 3551 17.
1261 3486 1420 3566 Quodnam

385 3566 614 3634 Kalendarium
638 3570 731 3633 ineo
756 3568 986 3646 adhibendum,
1011 3591 1038 3635 c.
1062 3571 1083 3635 l
1108 3590 1140 3636 ιι.
1159 3573 1203 3638 ll
1228 3577 1292 3642 sub
1321 3575 1416 3642 finem.

385 3652 463 3731 Quae
486 3657 581 3721 Missa
606 3657 648 3721 sit
670 3656 846 3732 recitanda,
870 3677 898 3722 o.
922 3658 941 3723 O
966 3678 997 3723 n.
1017 3658 1045 3724 l.

341 3739 477 3808 Ordines
501 3745 586 3809 sacri
610 3763 708 3827 quare
733 3744 783 3808 die
807 3743 940 3810 Sabbati
965 3745 1187 3824 conserantur,
1213 3769 1291 3835 pag.
1309 3750 1370 3816 576
1392 3749 1418 3812 in

383 3833 471 3892 nota.
495 3827 572 3906 Qua.
596 3831 692 3896 Missa
716 3831 920 3909 celebranda,
945 3842 1053 3905 annot.
1076 3835 1108 3898 in
1133 3834 1229 3901 Dom.
1249 3838 1340 3924 Sept.
1357 3836 1418 3903 nl

384 3912 552 3992 Quodnam
575 3919 773 3983 Nocturnum
798 3928 848 3984 est
879 3919 1129 4006 persolvendum
1153 3942 1173 3988 a
1199 3927 1362 4011 promotis
1384 3922 1418 3990 ad

383 4000 594 4070 Diaconatum
617 4014 650 4071 ct
672 4004 956 4086 Subdiaconatum,
980 4006 1056 4075 ibid.
