3484 4875
349 482 414 552 262
605 502 1111 552 unnornrromrsrnrrsruurnnns

368 611 491 700 pictos,
525 609 618 678 Feria
640 611 682 677 tv
715 619 747 678 et
776 609 916 677 Sabbata
938 609 966 688 Α
989 609 1126 677 uinculis.
1149 605 1322 676 Benedictioue
1357 609 1378 701 J

362 719 443 765 uero
467 708 551 775 sunt,
576 702 678 787 prima
700 700 757 767 Ille
778 720 833 766 nos
860 698 1028 776 benedicat,
1052 699 1189 766 secunda
1212 699 1282 785 minu
1298 696 1325 761 ul
1355 692 1378 772 3¹³·

372 789 510 866 Quorum
533 798 589 855 aut
613 789 752 866 Quorum
774 790 886 875 festum
910 787 1048 864 colimus,
1076 789 1169 855 tertia
1190 787 1234 855 Ad
1250 785 1327 852 coeit·
1354 777 1378 860 a·

371 887 442 942 tem.
474 878 554 943 Tres
585 898 682 964 porro
712 877 879 943 Lectiones
910 878 1088 943 recitantur
1122 877 1182 942 hoo
1204 872 1368 958 ordinet?

372 964 517 1053 Simplex
540 966 632 1053 binas
654 965 820 1033 Lectiones
843 965 976 1041 obtinet,
999 967 1104 1051 prima
1134 973 1251 1031 tantum
1267 960 1334 1029 estlt
1359 956 1378 1002 l

372 1054 538 1141 Scriptura
562 1062 761 1132 oecurrente,
776 1055 908 1139 reliquae
932 1052 971 1119 de
994 1052 1124 1120 Sancto.
1149 1053 1182 1119 Si
1205 1072 1285 1119 unam
1300 1060 1336 1116 tou
1367 1067 1378 1076 ·

372 1144 537 1210 tummodo
560 1144 656 1211 habet
682 1144 732 1210 vel
758 1145 922 1230 propriam
944 1143 993 1207 vel
1016 1143 1218 1227 adsignatam
1239 1142 1271 1207 de
1287 1139 1337 1205 Gon
1358 1141 1378 1181 ᾗ

371 1233 471 1308 muni,
494 1233 597 1318 prima
621 1241 653 1299 et
676 1232 815 1297 secunda
838 1238 990 1318 petuntur
1020 1250 1058 1297 ex
1090 1231 1266 1317 Scriptura,
1284 1227 1378 1293 tertiss

373 1328 422 1387 cst
446 1320 485 1386 de
508 1321 636 1387 Sancto.
660 1320 728 1387 Duo
752 1320 803 1408 niel.
828 1327 901 1406 post
925 1321 1060 1406 primam
1085 1328 1118 1385 et
1140 1320 1295 1386 secundam
1313 1316 1340 1381 lc
1361 1323 1375 1380 ἑ

374 1411 514 1477 ctionem
538 1411 739 1497 accipiuntur
755 1429 772 1475 e
788 1409 954 1475 Communi
966 1408 1057 1494 juxta
1080 1408 1208 1485 Furias,
1231 1406 1298 1473 idest
1312 1404 1341 1470 lc
1363 1425 1378 1449 ς

375 1499 423 1564 ria
448 1497 476 1564 ΙΙ
500 1508 531 1564 et
554 1497 581 1563 V
604 1519 642 1565 ex
675 1499 779 1586 primo
812 1498 995 1573 Nocturno,
1029 1496 1124 1563 Feria
1158 1496 1201 1562 111
1234 1504 1261 1563 et
1283 1492 1313 1559 ll

374 1587 514 1653 secundo
544 1588 729 1664 Nocturno‚
752 1586 843 1653 Seria
867 1586 907 1651 lV
931 1594 962 1651 et
985 1584 1126 1671 Sabbata
1150 1605 1189 1651 ex
1217 1584 1297 1651 tertio
1312 1579 1344 1647 to
1366 1587 1378 1628 t

375 1683 511 1751 cturn03
536 1678 653 1742 omisso
677 1684 785 1759 autem
806 1676 902 1740 tertio
925 1674 966 1761 nl,
983 1674 1023 1739 ad
1039 1674 1136 1741 finem
1150 1674 1180 1761 ri.
1198 1671 1308 1740 secundi
1318 1667 1345 1735 al

374 1764 520 1850 jungitur
554 1765 659 1831 Gloria
697 1764 788 1831 Patri
820 1784 892 1829 cum
926 1764 1117 1849 repetitione
1150 1765 1250 1850 partis
1277 1760 1378 1846 riu·

367 1852 495 1935 dicitur
522 1853 563 1918 Te
585 1853 694 1919 Deum.
727 1852 777 1919 Ad
807 1851 930 1918 Laudes
964 1858 996 1916 et
1020 1871 1077 1937 per
1099 1850 1204 1917 Horas
1222 1843 1378 1924 ennete

376 1941 471 2007 Festo
495 1943 730 2028 persolvuntur,
753 1949 790 2008 ut
812 1943 844 2006 in
868 1939 1143 2026 semiduplicibus,
1165 1933 1348 2027 usqueadilo

378 2050 463 2096 nam.
480 2030 625 2097 Rubricoe
639 2030 805 2118 pencrolcs.
823 2030 898 2096 Haec
915 2030 1020 2094 omnia
1033 2030 1117 2094 scias
1134 2048 1225 2115 aeque
1240 2020 1348 2094 servanda
1371 2030 1378 2105 ξ

378 2138 449 2185 esse
471 2119 505 2184 in
528 2118 637 2186 Officio
661 2119 694 2186 S.
718 2119 825 2184 Mariae
849 2120 881 2183 iu
906 2117 1056 2194 Sabbato,
1080 2126 1214 2204 excepto
1236 2113 1304 2202 quod
1338 2171 1348 2202 ς
1373 2133 1376 2138 ’

379 2208 496 2274 solutio
520 2227 557 2274 ac
580 2208 820 2274 benedictiones
844 2227 883 2273 ex
905 2205 1014 2273 Officio
1037 2206 1097 2271 hoo
1122 2206 1182 2272 sub
1207 2201 1322 2271 finemll
1368 2277 1371 2283 .

381 2298 473 2363 viarii
497 2305 676 2363 sumuntur.
1375 2293 1378 2321 ³

328 2384 389 2452 tt.
414 2424 458 2436 -
481 2385 504 2452 1.
529 2384 647 2453 Octava
670 2384 850 2471 benedictio
882 2384 914 2450 in
946 2380 1054 2450 Officio
1085 2382 1118 2450 S.
1147 2381 1303 2470 Raphaelis
1318 2376 1348 2444 tt·

380 2475 527 2560 changeii
549 2496 611 2541 non
637 2484 686 2541 est
711 2475 850 2552 Quorsum
871 2475 984 2560 festum
1007 2473 1146 2548 colimus,
1169 2472 1227 2539 sed
1245 2465 1349 2557 dejecit

380 2575 463 2629 stum
486 2572 547 2630 etc.
571 2565 602 2630 S.
627 2563 663 2630 R.
691 2563 723 2630 Ο.
748 2564 789 2628 lb
812 2564 898 2650 Sept.
925 2560 1009 2627 tout
1043 2562 1076 2626 in
1109 2561 1266 2650 Hispalen.
1286 2551 1349 2652 cdl

379 2653 439 2719 Ubi
462 2650 536 2719 huic
560 2652 669 2719 Officio
692 2652 734 2718 sit
757 2650 957 2738 adjungenda
980 2669 1063 2716 nona
1086 2649 1196 2715 Lectio
1219 2649 1255 2715 de
1269 2640 1350 2713 bonit

380 2743 430 2806 uret
454 2742 493 2806 de
516 2741 671 2828 Simplici,
694 2749 770 2806 tuuc
793 2761 831 2805 ex
853 2739 1056 2804 Lectionibus
1080 2738 1099 2804 8
1125 2745 1156 2804 et
1180 2738 1350 2804 santeaco

380 2829 496 2895 ficitur.
519 2830 666 2896 Paschali
689 2829 845 2917 Tempore
869 2847 1048 2912 congruens
1071 2827 1153 2894 ritus
1176 2826 1334 2892 seruabitur.

426 2916 464 2983 ll.
488 2916 682 3005 Indclpee-tio
702 2918 847 3006 plenario
879 2936 937 3001 pro
969 2916 1138 3000 Religiosis
1168 2914 1347 2982 Proiessio!

382 3006 619 3084 renovantibus,
635 3007 709 3072 huic
726 3007 787 3071 diei
803 3014 911 3071 manet
928 3004 1065 3080 addicta,
1083 3013 1255 3090 utcumque
1270 3002 1350 3068 besu

383 3094 415 3157 S.
441 3093 611 3180 Rapbaetis
634 3094 856 3162 transferatur.
880 3094 975 3159 Bubr.
999 3093 1097 3158 nostri
1111 3085 1353 3159 Franciscnc‘ilt

385 3183 480 3247 oiorii
501 3184 560 3249 tte.

351 3328 354 3334 .
427 3271 480 3338 Ill.
504 3272 702 3359 Ubicumque
724 3273 854 3338 Festum
877 3269 1048 3336 istudalia
1072 3270 1122 3335 die
1147 3270 1356 3339 celebratur,l

384 3381 474 3428 mnes
499 3369 655 3446 quotquot
676 3361 837 3427 Breviorio
861 3367 971 3425 nostro
996 3368 1140 3436 utuntur,
1164 3351 1359 3446 nequeuntis

383 3470 458 3516 rum
491 3450 553 3515 hoc
588 3449 712 3515 aliudve
742 3449 778 3515 S.
807 3448 998 3532 Archangeli
1035 3447 1180 3513 Officium
1214 3444 1359 3540 persolvere·

383 3539 479 3604 Rubr.
503 3539 601 3605 nostri
623 3538 713 3604 Brcu.
737 3538 796 3604 lic.
820 3538 868 3602 Au
893 3537 946 3602 ubi
969 3538 1075 3621 agitur
1099 3544 1224 3609 tantum
1251 3534 1302 3601 sub
1324 3532 1362 3593 ult

388 3627 508 3713 duplici
531 3628 657 3703 minori,
681 3628 901 3712 praelationem
935 3625 996 3690 sibi
1030 3625 1183 3702 vindicet,
1207 3623 1303 3690 recole
1321 3604 1363 3682 ul

381 3736 417 3780 n.
444 3716 461 3780 5
487 3724 569 3782 etc.
596 3717 669 3782 511.
694 3715 804 3782 illl.⁰

348 3804 400 3868 ll.
423 3841 468 3851 -
491 3804 523 3870 S.
547 3805 670 3870 Aniceti
694 3804 788 3890 Papae
811 3812 844 3871 et
872 3803 1020 3891 Martyris
1048 3803 1081 3867 in
1108 3787 1378 3886 Quadragesimafil¹

390 3900 515 3958 tautum
539 3895 822 3968 commemoratio;
847 3902 936 3958 extra
960 3890 1243 3976 Quadragesimam
1263 3872 1365 3952 veroli·

388 3980 497 4046 ficium
519 3983 624 4065 agitur
647 3983 693 4048 uti
717 3983 863 4068 superius
888 3982 938 4046 die
973 3979 1015 4045 tt
1049 3979 1088 4044 de
1122 3979 1173 4045 Ss.
1208 3966 1367 4066 Tiburtioll

386 4067 490 4151 Sociis
525 4069 722 4136 declaratum
757 4078 815 4136 est.
838 4069 969 4156 Legitur
1002 4068 1097 4135 Missa
1128 4065 1290 4134 Protecisti
1307 4067 1366 4128 utu
