<?xml version="1.0" encoding="UTF-8"?>
<!DOCTYPE html PUBLIC "-//W3C//DTD XHTML 1.0 Transitional//EN"
    "http://www.w3.org/TR/xhtml1/DTD/xhtml1-transitional.dtd">
<html xmlns="http://www.w3.org/1999/xhtml" xml:lang="en" lang="en">
 <head>
  <title>
</title>
<meta http-equiv="Content-Type" content="text/html;charset=utf-8" />
  <meta name='ocr-system' content='tesseract 3.04.00' />
  <meta name='ocr-capabilities' content='ocr_page ocr_carea ocr_par ocr_line ocrx_word'/>
</head>
<body>
  <div class='ocr_page' id='page_1' title='image "./kalendariumperp00carpgoog_0173.png"; bbox 0 0 3484 4875; ppageno 0'>
   <div class='ocr_carea' id='block_1_1' title="bbox 588 486 1368 553">
    <p class='ocr_par' dir='ltr' id='par_1_1' title="bbox 588 486 1368 553">
     <span class='ocr_line' id='line_1_1' title="bbox 588 486 1368 553; baseline 0.005 -4"><span class='ocrx_word' id='word_1_1' title='bbox 588 502 811 551; x_wconf 75' lang='lat' dir='ltr'><strong>concreatores</strong></span> <span class='ocrx_word' id='word_1_2' title='bbox 828 504 858 551; x_wconf 89' lang='grc'><strong>44</strong></span> <span class='ocrx_word' id='word_1_3' title='bbox 874 503 967 550; x_wconf 84' lang='lat' dir='ltr'><strong>rssra</strong></span> <span class='ocrx_word' id='word_1_4' title='bbox 981 504 1117 551; x_wconf 76' lang='lat' dir='ltr'><strong>urrunnu</strong></span> <span class='ocrx_word' id='word_1_5' title='bbox 1307 486 1368 553; x_wconf 88' lang='grc'><strong>464</strong></span> 
     </span>
    </p>
   </div>
   <div class='ocr_carea' id='block_1_2' title="bbox 328 604 1492 4144">
    <p class='ocr_par' dir='ltr' id='par_1_2' title="bbox 351 604 1492 2371">
     <span class='ocr_line' id='line_1_2' title="bbox 354 604 1385 697; baseline 0.005 -24"><span class='ocrx_word' id='word_1_6' title='bbox 354 604 660 694; x_wconf 82' lang='lat' dir='ltr'><strong>Quadragesima),</strong></span> <span class='ocrx_word' id='word_1_7' title='bbox 693 611 849 676; x_wconf 85' lang='lat' dir='ltr'><strong>translato</strong></span> <span class='ocrx_word' id='word_1_8' title='bbox 881 612 992 696; x_wconf 83' lang='lat' dir='ltr'><strong>quovis</strong></span> <span class='ocrx_word' id='word_1_9' title='bbox 1017 612 1079 676; x_wconf 90' lang='grc'><strong>4440</strong></span> <span class='ocrx_word' id='word_1_10' title='bbox 1103 610 1220 688; x_wconf 81' lang='lat' dir='ltr'><strong>Festo,</strong></span> <span class='ocrx_word' id='word_1_11' title='bbox 1245 613 1330 697; x_wconf 90' lang='lat' dir='ltr'><strong>quod</strong></span> <span class='ocrx_word' id='word_1_12' title='bbox 1355 615 1385 679; x_wconf 93' lang='grc'><strong>44</strong></span> 
     </span>
     <span class='ocr_line' id='line_1_3' title="bbox 353 694 1387 788; baseline 0.008 -28"><span class='ocrx_word' id='word_1_13' title='bbox 353 714 426 761; x_wconf 88' lang='lat' dir='ltr'><strong>cam</strong></span> <span class='ocrx_word' id='word_1_14' title='bbox 450 694 537 762; x_wconf 91' lang='lat' dir='ltr'><strong>diem</strong></span> <span class='ocrx_word' id='word_1_15' title='bbox 553 697 683 773; x_wconf 90' lang='lat' dir='ltr'><strong>incidat,</strong></span> <span class='ocrx_word' id='word_1_16' title='bbox 707 698 767 763; x_wconf 90' lang='lat' dir='ltr'><strong>nisi</strong></span> <span class='ocrx_word' id='word_1_17' title='bbox 784 699 826 763; x_wconf 89' lang='lat' dir='ltr'><strong>sit</strong></span> <span class='ocrx_word' id='word_1_18' title='bbox 842 700 975 784; x_wconf 78' lang='lat' dir='ltr'><strong>aequalis</strong></span> <span class='ocrx_word' id='word_1_19' title='bbox 992 700 1042 767; x_wconf 91' lang='lat' dir='ltr'><strong>vel</strong></span> <span class='ocrx_word' id='word_1_20' title='bbox 1063 700 1189 765; x_wconf 91' lang='lat' dir='ltr'><strong>altioris</strong></span> <span class='ocrx_word' id='word_1_21' title='bbox 1213 699 1306 775; x_wconf 87' lang='lat' dir='ltr'><strong>ritus;</strong></span> <span class='ocrx_word' id='word_1_22' title='bbox 1324 722 1387 788; x_wconf 89' lang='lat' dir='ltr'><strong>qno</strong></span> 
     </span>
     <span class='ocr_line' id='line_1_4' title="bbox 353 783 1388 873; baseline 0.007 -25"><span class='ocrx_word' id='word_1_23' title='bbox 353 802 432 849; x_wconf 88' lang='lat' dir='ltr'><strong>casu</strong></span> <span class='ocrx_word' id='word_1_24' title='bbox 456 783 590 851; x_wconf 74' lang='lat' dir='ltr'><strong>festum</strong></span> <span class='ocrx_word' id='word_1_25' title='bbox 626 784 682 851; x_wconf 89' lang='grc'><strong>88.</strong></span> <span class='ocrx_word' id='word_1_26' title='bbox 707 786 851 852; x_wconf 86' lang='lat' dir='ltr'><strong>Nominis</strong></span> <span class='ocrx_word' id='word_1_27' title='bbox 888 786 1101 853; x_wconf 83' lang='lat' dir='ltr'><strong>transferetur</strong></span> <span class='ocrx_word' id='word_1_28' title='bbox 1131 788 1164 851; x_wconf 90' lang='lat' dir='ltr'><strong>in</strong></span> <span class='ocrx_word' id='word_1_29' title='bbox 1200 797 1388 873; x_wconf 84' lang='lat' dir='ltr'><strong>sequentem</strong></span> 
     </span>
     <span class='ocr_line' id='line_1_5' title="bbox 353 869 1386 961; baseline 0.009 -26"><span class='ocrx_word' id='word_1_30' title='bbox 353 869 440 936; x_wconf 89' lang='lat' dir='ltr'><strong>diem</strong></span> <span class='ocrx_word' id='word_1_31' title='bbox 466 872 617 939; x_wconf 88' lang='lat' dir='ltr'><strong>similiter</strong></span> <span class='ocrx_word' id='word_1_32' title='bbox 641 894 705 939; x_wconf 89' lang='grc'><strong>404</strong></span> <span class='ocrx_word' id='word_1_33' title='bbox 740 874 938 961; x_wconf 80' lang='lat' dir='ltr'><strong>impeditam.</strong></span> <span class='ocrx_word' id='word_1_34' title='bbox 962 876 993 941; x_wconf 89' lang='lat' dir='ltr'><strong>S.</strong></span> <span class='ocrx_word' id='word_1_35' title='bbox 1018 874 1054 940; x_wconf 84' lang='grc'><strong>44.</strong></span> <span class='ocrx_word' id='word_1_36' title='bbox 1083 876 1114 940; x_wconf 86' lang='grc'><strong>6.</strong></span> <span class='ocrx_word' id='word_1_37' title='bbox 1140 876 1159 939; x_wconf 81' lang='grc'><strong>5</strong></span> <span class='ocrx_word' id='word_1_38' title='bbox 1182 875 1276 941; x_wconf 83' lang='lat' dir='ltr'><strong>Meet.</strong></span> <span class='ocrx_word' id='word_1_39' title='bbox 1304 878 1386 944; x_wconf 88' lang='grc'><strong>4764</strong></span> 
     </span>
     <span class='ocr_line' id='line_1_6' title="bbox 352 957 1389 1045; baseline 0.009 -23"><span class='ocrx_word' id='word_1_40' title='bbox 352 957 386 1022; x_wconf 83' lang='lat' dir='ltr'><strong>in</strong></span> <span class='ocrx_word' id='word_1_41' title='bbox 407 959 530 1045; x_wconf 83' lang='lat' dir='ltr'><strong>Aquen.</strong></span> <span class='ocrx_word' id='word_1_42' title='bbox 555 961 597 1025; x_wconf 84' lang='lat' dir='ltr'><strong>od</strong></span> <span class='ocrx_word' id='word_1_43' title='bbox 621 962 651 1036; x_wconf 89' lang='grc'><strong>4,</strong></span> <span class='ocrx_word' id='word_1_44' title='bbox 675 963 718 1027; x_wconf 76' lang='grc'><strong>67</strong></span> <span class='ocrx_word' id='word_1_45' title='bbox 743 962 836 1028; x_wconf 82' lang='lat' dir='ltr'><strong>Meet.</strong></span> <span class='ocrx_word' id='word_1_46' title='bbox 863 964 947 1028; x_wconf 78' lang='grc'><strong>4775</strong></span> <span class='ocrx_word' id='word_1_47' title='bbox 965 964 997 1027; x_wconf 85' lang='lat' dir='ltr'><strong>iu</strong></span> <span class='ocrx_word' id='word_1_48' title='bbox 1013 982 1076 1028; x_wconf 86' lang='lat' dir='ltr'><strong>uno</strong></span> <span class='ocrx_word' id='word_1_49' title='bbox 1097 962 1169 1029; x_wconf 79' lang='lat' dir='ltr'><strong>eru.</strong></span> <span class='ocrx_word' id='word_1_50' title='bbox 1190 962 1389 1031; x_wconf 79' lang='lat' dir='ltr'><strong>Coracefitor.</strong></span> 
     </span>
     <span class='ocr_line' id='line_1_7' title="bbox 353 1045 1389 1139; baseline 0.009 -29"><span class='ocrx_word' id='word_1_51' title='bbox 353 1045 466 1113; x_wconf 78' lang='lat' dir='ltr'><strong>Exeat.</strong></span> <span class='ocrx_word' id='word_1_52' title='bbox 492 1048 630 1115; x_wconf 84' lang='lat' dir='ltr'><strong>addet</strong></span> <span class='ocrx_word' id='word_1_53' title='bbox 655 1051 692 1115; x_wconf 95' lang='grc'><strong>44</strong></span> <span class='ocrx_word' id='word_1_54' title='bbox 719 1051 803 1139; x_wconf 85' lang='lat' dir='ltr'><strong>Sept.</strong></span> <span class='ocrx_word' id='word_1_55' title='bbox 830 1051 916 1117; x_wconf 87' lang='grc'><strong>4766</strong></span> <span class='ocrx_word' id='word_1_56' title='bbox 941 1054 973 1115; x_wconf 83' lang='lat' dir='ltr'><strong>io</strong></span> <span class='ocrx_word' id='word_1_57' title='bbox 997 1050 1202 1116; x_wconf 84' lang='lat' dir='ltr'><strong>Boreinouen.</strong></span> <span class='ocrx_word' id='word_1_58' title='bbox 1234 1051 1276 1116; x_wconf 85' lang='lat' dir='ltr'><strong>od</strong></span> <span class='ocrx_word' id='word_1_59' title='bbox 1300 1054 1330 1119; x_wconf 96' lang='grc'><strong>4.</strong></span> <span class='ocrx_word' id='word_1_60' title='bbox 1355 1053 1389 1119; x_wconf 92' lang='grc'><strong>84</strong></span> 
     </span>
     <span class='ocr_line' id='line_1_8' title="bbox 353 1135 1492 1225; baseline 0.008 -27"><span class='ocrx_word' id='word_1_61' title='bbox 353 1153 429 1201; x_wconf 85' lang='lat' dir='ltr'><strong>rere</strong></span> <span class='ocrx_word' id='word_1_62' title='bbox 448 1135 580 1202; x_wconf 81' lang='lat' dir='ltr'><strong>Festum</strong></span> <span class='ocrx_word' id='word_1_63' title='bbox 605 1136 665 1203; x_wconf 89' lang='grc'><strong>4440</strong></span> <span class='ocrx_word' id='word_1_64' title='bbox 690 1138 858 1204; x_wconf 77' lang='lat' dir='ltr'><strong>transferri</strong></span> <span class='ocrx_word' id='word_1_65' title='bbox 876 1147 1025 1225; x_wconf 86' lang='lat' dir='ltr'><strong>oporteat</strong></span> <span class='ocrx_word' id='word_1_66' title='bbox 1041 1160 1104 1204; x_wconf 92' lang='grc'><strong>404</strong></span> <span class='ocrx_word' id='word_1_67' title='bbox 1122 1138 1252 1225; x_wconf 88' lang='lat' dir='ltr'><strong>quidem</strong></span> <span class='ocrx_word' id='word_1_68' title='bbox 1275 1141 1316 1206; x_wconf 86' lang='lat' dir='ltr'><strong>ob</strong></span> <span class='ocrx_word' id='word_1_69' title='bbox 1333 1147 1390 1206; x_wconf 57' lang='lat' dir='ltr'><strong>cci</strong></span> <span class='ocrx_word' id='word_1_70' title='bbox 1489 1183 1492 1187; x_wconf 92' lang='lat'><em>-</em></span> 
     </span>
     <span class='ocr_line' id='line_1_9' title="bbox 354 1224 1387 1314; baseline 0.006 -26"><span class='ocrx_word' id='word_1_71' title='bbox 354 1242 488 1289; x_wconf 89' lang='lat' dir='ltr'><strong>cursum</strong></span> <span class='ocrx_word' id='word_1_72' title='bbox 512 1224 685 1291; x_wconf 82' lang='grc'><strong>6044444444</strong></span> <span class='ocrx_word' id='word_1_73' title='bbox 709 1225 972 1314; x_wconf 82' lang='lat' dir='ltr'><strong>Septuagesimae,</strong></span> <span class='ocrx_word' id='word_1_74' title='bbox 997 1227 1053 1292; x_wconf 90' lang='lat' dir='ltr'><strong>sed</strong></span> <span class='ocrx_word' id='word_1_75' title='bbox 1078 1228 1140 1293; x_wconf 85' lang='lat' dir='ltr'><strong>alia</strong></span> <span class='ocrx_word' id='word_1_76' title='bbox 1165 1226 1204 1291; x_wconf 88' lang='lat' dir='ltr'><strong>dc</strong></span> <span class='ocrx_word' id='word_1_77' title='bbox 1229 1247 1337 1305; x_wconf 87' lang='lat' dir='ltr'><strong>eausa,</strong></span> <span class='ocrx_word' id='word_1_78' title='bbox 1359 1250 1387 1294; x_wconf 87' lang='lat' dir='ltr'><strong>v.</strong></span> 
     </span>
     <span class='ocr_line' id='line_1_10' title="bbox 355 1311 1388 1401; baseline 0.007 -26"><span class='ocrx_word' id='word_1_79' title='bbox 355 1330 404 1395; x_wconf 86' lang='lat' dir='ltr'><strong>gr.</strong></span> <span class='ocrx_word' id='word_1_80' title='bbox 430 1311 471 1377; x_wconf 87' lang='lat' dir='ltr'><strong>ob</strong></span> <span class='ocrx_word' id='word_1_81' title='bbox 488 1333 659 1379; x_wconf 88' lang='lat' dir='ltr'><strong>occursum</strong></span> <span class='ocrx_word' id='word_1_82' title='bbox 676 1314 762 1379; x_wconf 78' lang='lat' dir='ltr'><strong>desti</strong></span> <span class='ocrx_word' id='word_1_83' title='bbox 780 1316 967 1401; x_wconf 88' lang='lat' dir='ltr'><strong>principalis</strong></span> <span class='ocrx_word' id='word_1_84' title='bbox 985 1315 1126 1391; x_wconf 85' lang='lat' dir='ltr'><strong>Patroni,</strong></span> <span class='ocrx_word' id='word_1_85' title='bbox 1143 1314 1297 1381; x_wconf 85' lang='lat' dir='ltr'><strong>Titularis</strong></span> <span class='ocrx_word' id='word_1_86' title='bbox 1314 1324 1388 1392; x_wconf 76' lang='grc'><strong>444..</strong></span> 
     </span>
     <span class='ocr_line' id='line_1_11' title="bbox 354 1399 1386 1490; baseline 0.009 -28"><span class='ocrx_word' id='word_1_87' title='bbox 354 1405 430 1464; x_wconf 91' lang='lat' dir='ltr'><strong>tunc</strong></span> <span class='ocrx_word' id='word_1_88' title='bbox 457 1399 661 1476; x_wconf 82' lang='lat' dir='ltr'><strong>transfertur,</strong></span> <span class='ocrx_word' id='word_1_89' title='bbox 685 1404 788 1468; x_wconf 89' lang='lat' dir='ltr'><strong>instar</strong></span> <span class='ocrx_word' id='word_1_90' title='bbox 812 1404 951 1469; x_wconf 90' lang='lat' dir='ltr'><strong>aliorum</strong></span> <span class='ocrx_word' id='word_1_91' title='bbox 986 1402 1166 1477; x_wconf 73' lang='lat' dir='ltr'><strong>festorum,</strong></span> <span class='ocrx_word' id='word_1_92' title='bbox 1190 1403 1223 1467; x_wconf 93' lang='lat' dir='ltr'><strong>in</strong></span> <span class='ocrx_word' id='word_1_93' title='bbox 1247 1405 1386 1490; x_wconf 91' lang='lat' dir='ltr'><strong>primam</strong></span> 
     </span>
     <span class='ocr_line' id='line_1_12' title="bbox 354 1484 1388 1577; baseline 0.007 -27"><span class='ocrx_word' id='word_1_94' title='bbox 354 1484 439 1551; x_wconf 87' lang='lat' dir='ltr'><strong>diem</strong></span> <span class='ocrx_word' id='word_1_95' title='bbox 463 1509 528 1553; x_wconf 91' lang='grc'><strong>404</strong></span> <span class='ocrx_word' id='word_1_96' title='bbox 552 1490 740 1575; x_wconf 89' lang='lat' dir='ltr'><strong>impeditam</strong></span> <span class='ocrx_word' id='word_1_97' title='bbox 759 1492 851 1577; x_wconf 76' lang='lat' dir='ltr'><strong>iuxta</strong></span> <span class='ocrx_word' id='word_1_98' title='bbox 876 1491 1043 1567; x_wconf 83' lang='lat' dir='ltr'><strong>Rubricas,</strong></span> <span class='ocrx_word' id='word_1_99' title='bbox 1068 1489 1242 1556; x_wconf 90' lang='lat' dir='ltr'><strong>dummodo</strong></span> <span class='ocrx_word' id='word_1_100' title='bbox 1264 1491 1332 1557; x_wconf 92' lang='lat' dir='ltr'><strong>dies</strong></span> <span class='ocrx_word' id='word_1_101' title='bbox 1356 1513 1388 1557; x_wconf 90' lang='lat' dir='ltr'><strong>e-</strong></span> 
     </span>
     <span class='ocr_line' id='line_1_13' title="bbox 351 1573 1388 1663; baseline 0.008 -25"><span class='ocrx_word' id='word_1_102' title='bbox 351 1573 495 1658; x_wconf 86' lang='lat' dir='ltr'><strong>jusmodi</strong></span> <span class='ocrx_word' id='word_1_103' title='bbox 519 1585 672 1663; x_wconf 85' lang='lat' dir='ltr'><strong>suppetat</strong></span> <span class='ocrx_word' id='word_1_104' title='bbox 695 1586 769 1643; x_wconf 88' lang='lat' dir='ltr'><strong>ante</strong></span> <span class='ocrx_word' id='word_1_105' title='bbox 793 1578 1092 1663; x_wconf 79' lang='lat' dir='ltr'><strong>Quadragesimam;</strong></span> <span class='ocrx_word' id='word_1_106' title='bbox 1118 1598 1210 1644; x_wconf 86' lang='lat' dir='ltr'><strong>secus</strong></span> <span class='ocrx_word' id='word_1_107' title='bbox 1229 1580 1314 1645; x_wconf 92' lang='lat' dir='ltr'><strong>enim</strong></span> <span class='ocrx_word' id='word_1_108' title='bbox 1338 1600 1388 1646; x_wconf 89' lang='lat' dir='ltr'><strong>re-</strong></span> 
     </span>
     <span class='ocr_line' id='line_1_14' title="bbox 355 1663 1387 1753; baseline 0.008 -27"><span class='ocrx_word' id='word_1_109' title='bbox 355 1663 538 1746; x_wconf 89' lang='lat' dir='ltr'><strong>ponendum</strong></span> <span class='ocrx_word' id='word_1_110' title='bbox 574 1666 679 1742; x_wconf 89' lang='lat' dir='ltr'><strong>foret,</strong></span> <span class='ocrx_word' id='word_1_111' title='bbox 704 1673 739 1731; x_wconf 92' lang='lat' dir='ltr'><strong>ut</strong></span> <span class='ocrx_word' id='word_1_112' title='bbox 762 1687 882 1753; x_wconf 92' lang='lat' dir='ltr'><strong>supra,</strong></span> <span class='ocrx_word' id='word_1_113' title='bbox 908 1667 958 1731; x_wconf 90' lang='lat' dir='ltr'><strong>die</strong></span> <span class='ocrx_word' id='word_1_114' title='bbox 981 1668 1023 1732; x_wconf 80' lang='grc'><strong>66</strong></span> <span class='ocrx_word' id='word_1_115' title='bbox 1057 1667 1223 1741; x_wconf 85' lang='grc'><strong>444444444;</strong></span> <span class='ocrx_word' id='word_1_116' title='bbox 1261 1668 1387 1753; x_wconf 89' lang='lat' dir='ltr'><strong>quando</strong></span> 
     </span>
     <span class='ocr_line' id='line_1_15' title="bbox 355 1754 1387 1842; baseline 0.008 -28"><span class='ocrx_word' id='word_1_117' title='bbox 355 1759 463 1817; x_wconf 87' lang='lat' dir='ltr'><strong>antem</strong></span> <span class='ocrx_word' id='word_1_118' title='bbox 487 1754 519 1819; x_wconf 91' lang='lat' dir='ltr'><strong>in</strong></span> <span class='ocrx_word' id='word_1_119' title='bbox 543 1754 625 1819; x_wconf 89' lang='lat' dir='ltr'><strong>hauc</strong></span> <span class='ocrx_word' id='word_1_120' title='bbox 643 1754 745 1841; x_wconf 88' lang='lat' dir='ltr'><strong>ipsam</strong></span> <span class='ocrx_word' id='word_1_121' title='bbox 770 1755 854 1819; x_wconf 90' lang='lat' dir='ltr'><strong>diem</strong></span> <span class='ocrx_word' id='word_1_122' title='bbox 869 1755 911 1821; x_wconf 76' lang='grc'><strong>66</strong></span> <span class='ocrx_word' id='word_1_123' title='bbox 936 1754 1055 1820; x_wconf 87' lang='lat' dir='ltr'><strong>incidet</strong></span> <span class='ocrx_word' id='word_1_124' title='bbox 1079 1755 1244 1820; x_wconf 85' lang='lat' dir='ltr'><strong>Dnrninica</strong></span> <span class='ocrx_word' id='word_1_125' title='bbox 1262 1757 1387 1842; x_wconf 85' lang='lat' dir='ltr'><strong>privile·</strong></span> 
     </span>
     <span class='ocr_line' id='line_1_16' title="bbox 354 1838 1386 1926; baseline 0.007 -23"><span class='ocrx_word' id='word_1_126' title='bbox 354 1838 452 1922; x_wconf 81' lang='lat' dir='ltr'><strong>gieta,</strong></span> <span class='ocrx_word' id='word_1_127' title='bbox 476 1842 747 1926; x_wconf 80' lang='lat' dir='ltr'><strong>quemadmodum</strong></span> <span class='ocrx_word' id='word_1_128' title='bbox 771 1843 897 1909; x_wconf 88' lang='lat' dir='ltr'><strong>eveniet</strong></span> <span class='ocrx_word' id='word_1_129' title='bbox 920 1863 1002 1909; x_wconf 92' lang='lat' dir='ltr'><strong>anno</strong></span> <span class='ocrx_word' id='word_1_130' title='bbox 1025 1842 1123 1918; x_wconf 88' lang='grc'><strong>4666,</strong></span> <span class='ocrx_word' id='word_1_131' title='bbox 1141 1842 1180 1908; x_wconf 88' lang='grc'><strong>44</strong></span> <span class='ocrx_word' id='word_1_132' title='bbox 1197 1841 1253 1909; x_wconf 83' lang='grc'><strong>88.</strong></span> <span class='ocrx_word' id='word_1_133' title='bbox 1278 1843 1386 1910; x_wconf 87' lang='lat' dir='ltr'><strong>Nomi·</strong></span> 
     </span>
     <span class='ocr_line' id='line_1_17' title="bbox 354 1927 1386 2019; baseline 0.007 -28"><span class='ocrx_word' id='word_1_134' title='bbox 354 1945 393 1991; x_wconf 93' lang='lat' dir='ltr'><strong>ne</strong></span> <span class='ocrx_word' id='word_1_135' title='bbox 416 1927 472 1992; x_wconf 88' lang='lat' dir='ltr'><strong>fiet</strong></span> <span class='ocrx_word' id='word_1_136' title='bbox 496 1930 547 1996; x_wconf 90' lang='lat' dir='ltr'><strong>die</strong></span> <span class='ocrx_word' id='word_1_137' title='bbox 570 1932 762 2016; x_wconf 78' lang='lat' dir='ltr'><strong>insequenti,</strong></span> <span class='ocrx_word' id='word_1_138' title='bbox 780 1934 925 2017; x_wconf 86' lang='lat' dir='ltr'><strong>quamvis</strong></span> <span class='ocrx_word' id='word_1_139' title='bbox 949 1931 1104 2017; x_wconf 87' lang='lat' dir='ltr'><strong>impedita</strong></span> <span class='ocrx_word' id='word_1_140' title='bbox 1128 1929 1239 1995; x_wconf 88' lang='grc'><strong>6444440</strong></span> <span class='ocrx_word' id='word_1_141' title='bbox 1264 1930 1386 2019; x_wconf 85' lang='lat' dir='ltr'><strong>duplici</strong></span> 
     </span>
     <span class='ocr_line' id='line_1_18' title="bbox 354 2015 1384 2105; baseline 0.008 -27"><span class='ocrx_word' id='word_1_142' title='bbox 354 2015 481 2083; x_wconf 89' lang='grc'><strong>4444044.</strong></span> <span class='ocrx_word' id='word_1_143' title='bbox 505 2018 538 2083; x_wconf 88' lang='lat' dir='ltr'><strong>S.</strong></span> <span class='ocrx_word' id='word_1_144' title='bbox 562 2019 598 2084; x_wconf 84' lang='lat' dir='ltr'><strong>R.</strong></span> <span class='ocrx_word' id='word_1_145' title='bbox 627 2019 658 2085; x_wconf 81' lang='lat'><strong>0.</strong></span> <span class='ocrx_word' id='word_1_146' title='bbox 683 2020 725 2085; x_wconf 75' lang='grc'><strong>66</strong></span> <span class='ocrx_word' id='word_1_147' title='bbox 750 2019 827 2105; x_wconf 81' lang='lat' dir='ltr'><strong>Mej.</strong></span> <span class='ocrx_word' id='word_1_148' title='bbox 853 2021 936 2086; x_wconf 88' lang='grc'><strong>4644</strong></span> <span class='ocrx_word' id='word_1_149' title='bbox 964 2019 995 2083; x_wconf 83' lang='lat' dir='ltr'><strong>iu</strong></span> <span class='ocrx_word' id='word_1_150' title='bbox 1018 2018 1212 2085; x_wconf 81' lang='lat' dir='ltr'><strong>Mecfdioieu.</strong></span> <span class='ocrx_word' id='word_1_151' title='bbox 1244 2019 1286 2084; x_wconf 86' lang='lat' dir='ltr'><strong>od</strong></span> <span class='ocrx_word' id='word_1_152' title='bbox 1310 2021 1328 2085; x_wconf 82' lang='grc'><strong>6</strong></span> <span class='ocrx_word' id='word_1_153' title='bbox 1355 2030 1384 2086; x_wconf 86' lang='grc'><strong>44</strong></span> 
     </span>
     <span class='ocr_line' id='line_1_19' title="bbox 356 2101 1383 2194; baseline 0.007 -27"><span class='ocrx_word' id='word_1_154' title='bbox 356 2101 482 2194; x_wconf 71' lang='lat' dir='ltr'><strong>osope.</strong></span> <span class='ocrx_word' id='word_1_155' title='bbox 521 2106 606 2173; x_wconf 86' lang='grc'><strong>4645</strong></span> <span class='ocrx_word' id='word_1_156' title='bbox 637 2108 669 2171; x_wconf 84' lang='lat' dir='ltr'><strong>iu</strong></span> <span class='ocrx_word' id='word_1_157' title='bbox 699 2129 761 2173; x_wconf 83' lang='grc'><strong>4440</strong></span> <span class='ocrx_word' id='word_1_158' title='bbox 788 2108 862 2173; x_wconf 79' lang='lat' dir='ltr'><strong>ore.</strong></span> <span class='ocrx_word' id='word_1_159' title='bbox 897 2108 972 2173; x_wconf 84' lang='lat' dir='ltr'><strong>Min.</strong></span> <span class='ocrx_word' id='word_1_160' title='bbox 1008 2107 1263 2193; x_wconf 73' lang='lat' dir='ltr'><strong>Reformatorem</strong></span> <span class='ocrx_word' id='word_1_161' title='bbox 1287 2108 1329 2172; x_wconf 88' lang='grc'><strong>004</strong></span> <span class='ocrx_word' id='word_1_162' title='bbox 1352 2110 1383 2174; x_wconf 79' lang='grc'><strong>6.</strong></span> 
     </span>
     <span class='ocr_line' id='line_1_20' title="bbox 358 2189 1387 2281; baseline 0.007 -27"><span class='ocrx_word' id='word_1_163' title='bbox 358 2189 432 2257; x_wconf 85' lang='lat' dir='ltr'><strong>Post</strong></span> <span class='ocrx_word' id='word_1_164' title='bbox 457 2192 735 2281; x_wconf 81' lang='lat' dir='ltr'><strong>Septuagesimam</strong></span> <span class='ocrx_word' id='word_1_165' title='bbox 771 2193 995 2263; x_wconf 87' lang='grc'><strong>4404604044</strong></span> <span class='ocrx_word' id='word_1_166' title='bbox 1029 2194 1125 2259; x_wconf 85' lang='lat' dir='ltr'><strong>Missa</strong></span> <span class='ocrx_word' id='word_1_167' title='bbox 1149 2192 1205 2259; x_wconf 94' lang='grc'><strong>88.</strong></span> <span class='ocrx_word' id='word_1_168' title='bbox 1242 2192 1387 2261; x_wconf 90' lang='lat' dir='ltr'><strong>Nominis</strong></span> 
     </span>
     <span class='ocr_line' id='line_1_21' title="bbox 357 2280 722 2371; baseline 0.025 -30"><span class='ocrx_word' id='word_1_169' title='bbox 357 2280 549 2350; x_wconf 89' lang='lat' dir='ltr'><strong>omittuntur</strong></span> <span class='ocrx_word' id='word_1_170' title='bbox 573 2285 722 2371; x_wconf 69' lang='lat' dir='ltr'><strong>alleluja.</strong></span> 
     </span>
    </p>

    <p class='ocr_par' dir='ltr' id='par_1_3' title="bbox 359 2366 1388 2727">
     <span class='ocr_line' id='line_1_22' title="bbox 399 2366 1383 2455; baseline 0.005 -23"><span class='ocrx_word' id='word_1_171' title='bbox 399 2366 449 2434; x_wconf 90' lang='lat' dir='ltr'><strong>lV.</strong></span> <span class='ocrx_word' id='word_1_172' title='bbox 476 2370 534 2439; x_wconf 85' lang='lat' dir='ltr'><strong>Ubi</strong></span> <span class='ocrx_word' id='word_1_173' title='bbox 559 2373 654 2440; x_wconf 90' lang='grc'><strong>408.</strong></span> <span class='ocrx_word' id='word_1_174' title='bbox 680 2373 786 2440; x_wconf 83' lang='lat' dir='ltr'><strong>Felice</strong></span> <span class='ocrx_word' id='word_1_175' title='bbox 809 2372 849 2437; x_wconf 90' lang='grc'><strong>44.</strong></span> <span class='ocrx_word' id='word_1_176' title='bbox 876 2370 1021 2440; x_wconf 81' lang='lat' dir='ltr'><strong>Officium</strong></span> <span class='ocrx_word' id='word_1_177' title='bbox 1053 2372 1159 2455; x_wconf 80' lang='lat' dir='ltr'><strong>agitur</strong></span> <span class='ocrx_word' id='word_1_178' title='bbox 1187 2388 1301 2436; x_wconf 82' lang='lat' dir='ltr'><strong>norem</strong></span> <span class='ocrx_word' id='word_1_179' title='bbox 1325 2371 1383 2437; x_wconf 87' lang='lat' dir='ltr'><strong>Le·</strong></span> 
     </span>
     <span class='ocr_line' id='line_1_23' title="bbox 359 2456 1388 2550; baseline 0.006 -30"><span class='ocrx_word' id='word_1_180' title='bbox 359 2456 509 2536; x_wconf 88' lang='lat' dir='ltr'><strong>ctionum,</strong></span> <span class='ocrx_word' id='word_1_181' title='bbox 534 2464 553 2528; x_wconf 88' lang='grc'><strong>6</strong></span> <span class='ocrx_word' id='word_1_182' title='bbox 578 2463 606 2550; x_wconf 64' lang='lat' dir='ltr'><strong>ui.</strong></span> <span class='ocrx_word' id='word_1_183' title='bbox 628 2470 677 2528; x_wconf 86' lang='lat' dir='ltr'><strong>est</strong></span> <span class='ocrx_word' id='word_1_184' title='bbox 700 2463 832 2528; x_wconf 77' lang='lat' dir='ltr'><strong>Durriae</strong></span> <span class='ocrx_word' id='word_1_185' title='bbox 855 2461 1051 2550; x_wconf 74' lang='lat' dir='ltr'><strong>persecuisti:</strong></span> <span class='ocrx_word' id='word_1_186' title='bbox 1069 2461 1164 2525; x_wconf 85' lang='lat' dir='ltr'><strong>ifissa</strong></span> <span class='ocrx_word' id='word_1_187' title='bbox 1188 2479 1263 2524; x_wconf 88' lang='lat' dir='ltr'><strong>vero</strong></span> <span class='ocrx_word' id='word_1_188' title='bbox 1286 2458 1388 2526; x_wconf 82' lang='lat' dir='ltr'><strong>Laeto·</strong></span> 
     </span>
     <span class='ocr_line' id='line_1_24' title="bbox 360 2543 1384 2636; baseline 0.007 -29"><span class='ocrx_word' id='word_1_189' title='bbox 360 2543 438 2611; x_wconf 79' lang='lat' dir='ltr'><strong>ditor</strong></span> <span class='ocrx_word' id='word_1_190' title='bbox 462 2547 502 2614; x_wconf 92' lang='lat' dir='ltr'><strong>de</strong></span> <span class='ocrx_word' id='word_1_191' title='bbox 519 2551 697 2626; x_wconf 87' lang='lat' dir='ltr'><strong>Communi,</strong></span> <span class='ocrx_word' id='word_1_192' title='bbox 715 2570 788 2617; x_wconf 86' lang='lat' dir='ltr'><strong>cum</strong></span> <span class='ocrx_word' id='word_1_193' title='bbox 805 2549 1012 2620; x_wconf 83' lang='lat' dir='ltr'><strong>Orationibus</strong></span> <span class='ocrx_word' id='word_1_194' title='bbox 1029 2549 1178 2636; x_wconf 72' lang='lat' dir='ltr'><strong>propriis</strong></span> <span class='ocrx_word' id='word_1_195' title='bbox 1197 2557 1232 2613; x_wconf 91' lang='lat' dir='ltr'><strong>ut</strong></span> <span class='ocrx_word' id='word_1_196' title='bbox 1255 2548 1288 2612; x_wconf 91' lang='lat' dir='ltr'><strong>in</strong></span> <span class='ocrx_word' id='word_1_197' title='bbox 1310 2547 1384 2614; x_wconf 85' lang='lat' dir='ltr'><strong>fiiis·</strong></span> 
     </span>
     <span class='ocr_line' id='line_1_25' title="bbox 361 2633 682 2727; baseline 0.031 -32"><span class='ocrx_word' id='word_1_198' title='bbox 361 2633 416 2697; x_wconf 81' lang='grc'><strong>4444</strong></span> <span class='ocrx_word' id='word_1_199' title='bbox 442 2635 503 2703; x_wconf 90' lang='lat' dir='ltr'><strong>hac</strong></span> <span class='ocrx_word' id='word_1_200' title='bbox 526 2640 596 2727; x_wconf 86' lang='lat' dir='ltr'><strong>ipsa</strong></span> <span class='ocrx_word' id='word_1_201' title='bbox 621 2640 682 2705; x_wconf 89' lang='grc'><strong>444.</strong></span> 
     </span>
    </p>

    <p class='ocr_par' dir='ltr' id='par_1_4' title="bbox 328 2715 1387 4144">
     <span class='ocr_line' id='line_1_26' title="bbox 328 2715 1384 2814; baseline 0.005 -26"><span class='ocrx_word' id='word_1_202' title='bbox 328 2715 432 2783; x_wconf 79' lang='grc'><strong>16-</strong></span> <span class='ocrx_word' id='word_1_203' title='bbox 454 2725 479 2790; x_wconf 90' lang='grc'><strong>4.</strong></span> <span class='ocrx_word' id='word_1_204' title='bbox 506 2726 540 2792; x_wconf 91' lang='grc'><strong>44</strong></span> <span class='ocrx_word' id='word_1_205' title='bbox 565 2727 711 2814; x_wconf 74' lang='lat' dir='ltr'><strong>capitulo</strong></span> <span class='ocrx_word' id='word_1_206' title='bbox 735 2727 851 2794; x_wconf 82' lang='lat' dir='ltr'><strong>Beatos</strong></span> <span class='ocrx_word' id='word_1_207' title='bbox 874 2728 922 2792; x_wconf 85' lang='lat' dir='ltr'><strong>cir</strong></span> <span class='ocrx_word' id='word_1_208' title='bbox 945 2727 984 2792; x_wconf 91' lang='lat' dir='ltr'><strong>dc</strong></span> <span class='ocrx_word' id='word_1_209' title='bbox 1008 2725 1175 2791; x_wconf 83' lang='grc'><strong>6044444444</strong></span> <span class='ocrx_word' id='word_1_210' title='bbox 1207 2723 1295 2790; x_wconf 83' lang='grc'><strong>6044.</strong></span> <span class='ocrx_word' id='word_1_211' title='bbox 1320 2745 1384 2794; x_wconf 90' lang='grc'><strong>404</strong></span> 
     </span>
     <span class='ocr_line' id='line_1_27' title="bbox 359 2806 1385 2903; baseline 0.008 -31"><span class='ocrx_word' id='word_1_212' title='bbox 359 2806 539 2892; x_wconf 85' lang='lat' dir='ltr'><strong>Pontificis,</strong></span> <span class='ocrx_word' id='word_1_213' title='bbox 564 2815 735 2883; x_wconf 91' lang='lat' dir='ltr'><strong>dicendum</strong></span> <span class='ocrx_word' id='word_1_214' title='bbox 759 2823 808 2882; x_wconf 90' lang='lat' dir='ltr'><strong>est</strong></span> <span class='ocrx_word' id='word_1_215' title='bbox 830 2817 867 2882; x_wconf 86' lang='grc'><strong>44</strong></span> <span class='ocrx_word' id='word_1_216' title='bbox 899 2817 1031 2903; x_wconf 74' lang='lat' dir='ltr'><strong>perereio</strong></span> <span class='ocrx_word' id='word_1_217' title='bbox 1063 2824 1092 2879; x_wconf 86' lang='lat' dir='ltr'><strong>et</strong></span> <span class='ocrx_word' id='word_1_218' title='bbox 1115 2813 1290 2890; x_wconf 80' lang='lat' dir='ltr'><strong>thesauris,</strong></span> <span class='ocrx_word' id='word_1_219' title='bbox 1322 2834 1385 2880; x_wconf 87' lang='grc'><strong>4044</strong></span> 
     </span>
     <span class='ocr_line' id='line_1_28' title="bbox 359 2893 1384 3005; baseline 0.002 -39"><span class='ocrx_word' id='word_1_220' title='bbox 359 2893 385 2959; x_wconf 70' lang='lat' dir='ltr'><strong>ie</strong></span> <span class='ocrx_word' id='word_1_221' title='bbox 408 2905 553 2985; x_wconf 77' lang='lat' dir='ltr'><strong>pecuniae</strong></span> <span class='ocrx_word' id='word_1_222' title='bbox 577 2905 739 2970; x_wconf 80' lang='grc'><strong>4444044444.</strong></span> <span class='ocrx_word' id='word_1_223' title='bbox 756 2905 788 2969; x_wconf 89' lang='grc'><strong>8.</strong></span> <span class='ocrx_word' id='word_1_224' title='bbox 813 2903 850 2968; x_wconf 81' lang='lat' dir='ltr'><strong>ft.</strong></span> <span class='ocrx_word' id='word_1_225' title='bbox 870 2903 902 2970; x_wconf 82' lang='lat'><strong>0.</strong></span> <span class='ocrx_word' id='word_1_226' title='bbox 929 2905 965 2969; x_wconf 91' lang='grc'><strong>44</strong></span> <span class='ocrx_word' id='word_1_227' title='bbox 986 2904 1070 3005; x_wconf 83' lang='lat' dir='ltr'><strong>Sept.</strong></span> <span class='ocrx_word' id='word_1_228' title='bbox 1096 2902 1178 2967; x_wconf 88' lang='grc'><strong>4644</strong></span> <span class='ocrx_word' id='word_1_229' title='bbox 1200 2902 1231 2966; x_wconf 83' lang='lat' dir='ltr'><strong>iu</strong></span> <span class='ocrx_word' id='word_1_230' title='bbox 1247 2902 1384 2968; x_wconf 80' lang='lat' dir='ltr'><strong>Nemer-</strong></span> 
     </span>
     <span class='ocr_line' id='line_1_29' title="bbox 359 2989 1386 3078; baseline 0.007 -30"><span class='ocrx_word' id='word_1_231' title='bbox 359 3004 417 3051; x_wconf 84' lang='lat' dir='ltr'><strong>ceu.</strong></span> <span class='ocrx_word' id='word_1_232' title='bbox 442 2991 486 3054; x_wconf 84' lang='grc'><strong>044</strong></span> <span class='ocrx_word' id='word_1_233' title='bbox 508 2993 539 3058; x_wconf 86' lang='grc'><strong>9.</strong></span> <span class='ocrx_word' id='word_1_234' title='bbox 564 2992 599 3058; x_wconf 91' lang='grc'><strong>44</strong></span> <span class='ocrx_word' id='word_1_235' title='bbox 630 2993 725 3058; x_wconf 76' lang='lat' dir='ltr'><strong>desto</strong></span> <span class='ocrx_word' id='word_1_236' title='bbox 756 3001 864 3058; x_wconf 87' lang='lat' dir='ltr'><strong>autem</strong></span> <span class='ocrx_word' id='word_1_237' title='bbox 888 2991 920 3057; x_wconf 91' lang='lat' dir='ltr'><strong>S.</strong></span> <span class='ocrx_word' id='word_1_238' title='bbox 946 2991 1036 3057; x_wconf 83' lang='lat' dir='ltr'><strong>Pauli</strong></span> <span class='ocrx_word' id='word_1_239' title='bbox 1061 2989 1151 3056; x_wconf 85' lang='lat' dir='ltr'><strong>Gonf.</strong></span> <span class='ocrx_word' id='word_1_240' title='bbox 1176 2989 1300 3078; x_wconf 82' lang='lat' dir='ltr'><strong>Hymno</strong></span> <span class='ocrx_word' id='word_1_241' title='bbox 1323 2990 1386 3057; x_wconf 81' lang='grc'><strong>4444</strong></span> 
     </span>
     <span class='ocr_line' id='line_1_30' title="bbox 361 3070 1384 3167; baseline 0.009 -32"><span class='ocrx_word' id='word_1_242' title='bbox 361 3070 517 3162; x_wconf 67' lang='grc'><strong>60444444·</strong></span> <span class='ocrx_word' id='word_1_243' title='bbox 540 3081 734 3167; x_wconf 82' lang='lat' dir='ltr'><strong>adjiciuntur</strong></span> <span class='ocrx_word' id='word_1_244' title='bbox 757 3080 855 3145; x_wconf 85' lang='lat' dir='ltr'><strong>verba</strong></span> <span class='ocrx_word' id='word_1_245' title='bbox 879 3078 994 3144; x_wconf 80' lang='grc'><strong>4444444</strong></span> <span class='ocrx_word' id='word_1_246' title='bbox 1015 3099 1178 3166; x_wconf 83' lang='lat' dir='ltr'><strong>supremos</strong></span> <span class='ocrx_word' id='word_1_247' title='bbox 1203 3086 1282 3155; x_wconf 80' lang='lat' dir='ltr'><strong>etc,</strong></span> <span class='ocrx_word' id='word_1_248' title='bbox 1307 3079 1384 3164; x_wconf 89' lang='lat' dir='ltr'><strong>quia</strong></span> 
     </span>
     <span class='ocr_line' id='line_1_31' title="bbox 360 3157 1385 3255; baseline 0.003 -27"><span class='ocrx_word' id='word_1_249' title='bbox 360 3157 423 3248; x_wconf 89' lang='lat' dir='ltr'><strong>ipse</strong></span> <span class='ocrx_word' id='word_1_250' title='bbox 447 3167 528 3234; x_wconf 88' lang='lat' dir='ltr'><strong>obiit</strong></span> <span class='ocrx_word' id='word_1_251' title='bbox 551 3169 603 3235; x_wconf 88' lang='lat' dir='ltr'><strong>dic</strong></span> <span class='ocrx_word' id='word_1_252' title='bbox 620 3170 661 3236; x_wconf 92' lang='grc'><strong>46</strong></span> <span class='ocrx_word' id='word_1_253' title='bbox 677 3169 811 3255; x_wconf 86' lang='lat' dir='ltr'><strong>hujusce</strong></span> <span class='ocrx_word' id='word_1_254' title='bbox 834 3168 970 3233; x_wconf 89' lang='lat' dir='ltr'><strong>mensis:</strong></span> <span class='ocrx_word' id='word_1_255' title='bbox 989 3174 1085 3252; x_wconf 90' lang='lat' dir='ltr'><strong>atque</strong></span> <span class='ocrx_word' id='word_1_256' title='bbox 1102 3165 1135 3230; x_wconf 93' lang='lat' dir='ltr'><strong>id</strong></span> <span class='ocrx_word' id='word_1_257' title='bbox 1152 3166 1385 3250; x_wconf 75' lang='lat' dir='ltr'><strong>praestandum,</strong></span> 
     </span>
     <span class='ocr_line' id='line_1_32' title="bbox 358 3253 1384 3344; baseline 0.003 -29"><span class='ocrx_word' id='word_1_258' title='bbox 358 3253 619 3344; x_wconf 86' lang='lat' dir='ltr'><strong>quotiescumque</strong></span> <span class='ocrx_word' id='word_1_259' title='bbox 642 3257 675 3324; x_wconf 87' lang='lat' dir='ltr'><strong>S.</strong></span> <span class='ocrx_word' id='word_1_260' title='bbox 693 3254 893 3323; x_wconf 86' lang='lat' dir='ltr'><strong>Confessoris</strong></span> <span class='ocrx_word' id='word_1_261' title='bbox 918 3253 1065 3321; x_wconf 80' lang='lat' dir='ltr'><strong>Officium</strong></span> <span class='ocrx_word' id='word_1_262' title='bbox 1090 3254 1197 3336; x_wconf 81' lang='lat' dir='ltr'><strong>agitur</strong></span> <span class='ocrx_word' id='word_1_263' title='bbox 1220 3261 1310 3319; x_wconf 85' lang='lat' dir='ltr'><strong>extra</strong></span> <span class='ocrx_word' id='word_1_264' title='bbox 1334 3256 1384 3319; x_wconf 90' lang='lat' dir='ltr'><strong>sui</strong></span> 
     </span>
     <span class='ocr_line' id='line_1_33' title="bbox 357 3337 1383 3414; baseline 0.005 -14"><span class='ocrx_word' id='word_1_265' title='bbox 357 3337 459 3406; x_wconf 86' lang='lat' dir='ltr'><strong>obitus</strong></span> <span class='ocrx_word' id='word_1_266' title='bbox 485 3344 580 3412; x_wconf 91' lang='lat' dir='ltr'><strong>diem.</strong></span> <span class='ocrx_word' id='word_1_267' title='bbox 604 3347 636 3412; x_wconf 87' lang='lat' dir='ltr'><strong>S.</strong></span> <span class='ocrx_word' id='word_1_268' title='bbox 661 3346 697 3411; x_wconf 85' lang='lat' dir='ltr'><strong>R.</strong></span> <span class='ocrx_word' id='word_1_269' title='bbox 726 3348 758 3414; x_wconf 82' lang='lat'><strong>0.</strong></span> <span class='ocrx_word' id='word_1_270' title='bbox 785 3345 822 3410; x_wconf 93' lang='grc'><strong>44</strong></span> <span class='ocrx_word' id='word_1_271' title='bbox 843 3343 916 3409; x_wconf 85' lang='lat' dir='ltr'><strong>Joo.</strong></span> <span class='ocrx_word' id='word_1_272' title='bbox 942 3342 1024 3408; x_wconf 78' lang='lat' dir='ltr'><strong>fidi</strong></span> <span class='ocrx_word' id='word_1_273' title='bbox 1051 3341 1084 3405; x_wconf 80' lang='lat' dir='ltr'><strong>ie</strong></span> <span class='ocrx_word' id='word_1_274' title='bbox 1106 3361 1169 3404; x_wconf 83' lang='grc'><strong>440</strong></span> <span class='ocrx_word' id='word_1_275' title='bbox 1190 3339 1286 3406; x_wconf 86' lang='lat' dir='ltr'><strong>Tertii</strong></span> <span class='ocrx_word' id='word_1_276' title='bbox 1309 3340 1383 3405; x_wconf 83' lang='lat' dir='ltr'><strong>Ord.</strong></span> 
     </span>
     <span class='ocr_line' id='line_1_34' title="bbox 355 3423 1386 3502; baseline 0.005 -13"><span class='ocrx_word' id='word_1_277' title='bbox 355 3423 380 3491; x_wconf 88' lang='lat' dir='ltr'><strong>S.</strong></span> <span class='ocrx_word' id='word_1_278' title='bbox 397 3427 564 3502; x_wconf 77' lang='lat' dir='ltr'><strong>Francisei</strong></span> <span class='ocrx_word' id='word_1_279' title='bbox 585 3434 627 3499; x_wconf 86' lang='grc'><strong>04</strong></span> <span class='ocrx_word' id='word_1_280' title='bbox 651 3435 681 3500; x_wconf 83' lang='grc'><strong>5.</strong></span> <span class='ocrx_word' id='word_1_281' title='bbox 698 3433 927 3500; x_wconf 88' lang='lat' dir='ltr'><strong>Verumtamen</strong></span> <span class='ocrx_word' id='word_1_282' title='bbox 944 3431 971 3496; x_wconf 91' lang='lat' dir='ltr'><strong>si</strong></span> <span class='ocrx_word' id='word_1_283' title='bbox 988 3429 1118 3495; x_wconf 77' lang='lat' dir='ltr'><strong>festum</strong></span> <span class='ocrx_word' id='word_1_284' title='bbox 1137 3426 1350 3494; x_wconf 82' lang='lat' dir='ltr'><strong>transferatur</strong></span> <span class='ocrx_word' id='word_1_285' title='bbox 1367 3449 1386 3494; x_wconf 89' lang='grc'><strong>4</strong></span> 
     </span>
     <span class='ocr_line' id='line_1_35' title="bbox 354 3512 1384 3605; baseline 0.002 -25"><span class='ocrx_word' id='word_1_286' title='bbox 354 3512 401 3582; x_wconf 89' lang='grc'><strong>444</strong></span> <span class='ocrx_word' id='word_1_287' title='bbox 425 3519 534 3588; x_wconf 90' lang='lat' dir='ltr'><strong>obitus</strong></span> <span class='ocrx_word' id='word_1_288' title='bbox 558 3524 590 3588; x_wconf 91' lang='lat' dir='ltr'><strong>in</strong></span> <span class='ocrx_word' id='word_1_289' title='bbox 614 3522 700 3589; x_wconf 91' lang='lat' dir='ltr'><strong>diem</strong></span> <span class='ocrx_word' id='word_1_290' title='bbox 723 3521 908 3588; x_wconf 86' lang='lat' dir='ltr'><strong>immediate</strong></span> <span class='ocrx_word' id='word_1_291' title='bbox 932 3524 1137 3605; x_wconf 85' lang='lat' dir='ltr'><strong>sequentem,</strong></span> <span class='ocrx_word' id='word_1_292' title='bbox 1166 3535 1203 3580; x_wconf 90' lang='lat' dir='ltr'><strong>ac</strong></span> <span class='ocrx_word' id='word_1_293' title='bbox 1227 3516 1344 3581; x_wconf 89' lang='lat' dir='ltr'><strong>saltem</strong></span> <span class='ocrx_word' id='word_1_294' title='bbox 1366 3538 1384 3582; x_wconf 88' lang='lat' dir='ltr'><strong>a</strong></span> 
     </span>
     <span class='ocr_line' id='line_1_36' title="bbox 352 3600 1385 3693; baseline 0.002 -24"><span class='ocrx_word' id='word_1_295' title='bbox 352 3600 499 3693; x_wconf 77' lang='lat' dir='ltr'><strong>Capitufo</strong></span> <span class='ocrx_word' id='word_1_296' title='bbox 523 3612 579 3678; x_wconf 89' lang='lat' dir='ltr'><strong>fiat</strong></span> <span class='ocrx_word' id='word_1_297' title='bbox 602 3611 641 3676; x_wconf 91' lang='lat' dir='ltr'><strong>de</strong></span> <span class='ocrx_word' id='word_1_298' title='bbox 673 3611 706 3677; x_wconf 85' lang='lat' dir='ltr'><strong>S.</strong></span> <span class='ocrx_word' id='word_1_299' title='bbox 731 3608 921 3676; x_wconf 77' lang='lat' dir='ltr'><strong>confessore</strong></span> <span class='ocrx_word' id='word_1_300' title='bbox 946 3607 1125 3680; x_wconf 83' lang='lat' dir='ltr'><strong>translato,</strong></span> <span class='ocrx_word' id='word_1_301' title='bbox 1158 3611 1234 3668; x_wconf 88' lang='lat' dir='ltr'><strong>tunc</strong></span> <span class='ocrx_word' id='word_1_302' title='bbox 1266 3602 1385 3671; x_wconf 87' lang='lat' dir='ltr'><strong>dicitur</strong></span> 
     </span>
     <span class='ocr_line' id='line_1_37' title="bbox 348 3687 1384 3782; baseline 0.001 -26"><span class='ocrx_word' id='word_1_303' title='bbox 348 3687 468 3762; x_wconf 80' lang='grc'><strong>4444444</strong></span> <span class='ocrx_word' id='word_1_304' title='bbox 483 3700 590 3767; x_wconf 85' lang='lat' dir='ltr'><strong>dentes</strong></span> <span class='ocrx_word' id='word_1_305' title='bbox 605 3707 665 3765; x_wconf 86' lang='lat' dir='ltr'><strong>etc.</strong></span> <span class='ocrx_word' id='word_1_306' title='bbox 684 3720 748 3765; x_wconf 93' lang='lat' dir='ltr'><strong>non</strong></span> <span class='ocrx_word' id='word_1_307' title='bbox 764 3697 860 3764; x_wconf 91' lang='lat' dir='ltr'><strong>modo</strong></span> <span class='ocrx_word' id='word_1_308' title='bbox 884 3697 916 3760; x_wconf 94' lang='lat' dir='ltr'><strong>in</strong></span> <span class='ocrx_word' id='word_1_309' title='bbox 940 3695 1053 3782; x_wconf 89' lang='lat' dir='ltr'><strong>primis</strong></span> <span class='ocrx_word' id='word_1_310' title='bbox 1069 3691 1229 3777; x_wconf 78' lang='lat' dir='ltr'><strong>vesperis,</strong></span> <span class='ocrx_word' id='word_1_311' title='bbox 1247 3711 1320 3776; x_wconf 72' lang='lat' dir='ltr'><strong>quar</strong></span> <span class='ocrx_word' id='word_1_312' title='bbox 1334 3712 1384 3757; x_wconf 88' lang='lat' dir='ltr'><strong>re·</strong></span> 
     </span>
     <span class='ocr_line' id='line_1_38' title="bbox 348 3780 1387 3864; baseline 0.001 -18"><span class='ocrx_word' id='word_1_313' title='bbox 348 3782 493 3852; x_wconf 88' lang='lat' dir='ltr'><strong>citantur</strong></span> <span class='ocrx_word' id='word_1_314' title='bbox 510 3789 560 3854; x_wconf 88' lang='lat' dir='ltr'><strong>die</strong></span> <span class='ocrx_word' id='word_1_315' title='bbox 577 3789 694 3864; x_wconf 87' lang='lat' dir='ltr'><strong>obitus,</strong></span> <span class='ocrx_word' id='word_1_316' title='bbox 711 3787 767 3854; x_wconf 91' lang='lat' dir='ltr'><strong>sed</strong></span> <span class='ocrx_word' id='word_1_317' title='bbox 784 3789 880 3852; x_wconf 91' lang='lat' dir='ltr'><strong>etiam</strong></span> <span class='ocrx_word' id='word_1_318' title='bbox 904 3785 937 3850; x_wconf 91' lang='lat' dir='ltr'><strong>in</strong></span> <span class='ocrx_word' id='word_1_319' title='bbox 961 3782 1114 3848; x_wconf 85' lang='lat' dir='ltr'><strong>Matutino</strong></span> <span class='ocrx_word' id='word_1_320' title='bbox 1132 3788 1163 3845; x_wconf 86' lang='lat' dir='ltr'><strong>et</strong></span> <span class='ocrx_word' id='word_1_321' title='bbox 1180 3780 1210 3846; x_wconf 93' lang='lat' dir='ltr'><strong>in</strong></span> <span class='ocrx_word' id='word_1_322' title='bbox 1235 3782 1387 3847; x_wconf 87' lang='lat' dir='ltr'><strong>secundis</strong></span> 
     </span>
     <span class='ocr_line' id='line_1_39' title="bbox 344 3861 1378 3966; baseline 0.001 -33"><span class='ocrx_word' id='word_1_323' title='bbox 344 3861 500 3960; x_wconf 69' lang='lat' dir='ltr'><strong>vesperis</strong></span> <span class='ocrx_word' id='word_1_324' title='bbox 524 3879 568 3966; x_wconf 84' lang='lat' dir='ltr'><strong>(S.</strong></span> <span class='ocrx_word' id='word_1_325' title='bbox 592 3877 629 3943; x_wconf 82' lang='lat' dir='ltr'><strong>fi.</strong></span> <span class='ocrx_word' id='word_1_326' title='bbox 649 3876 740 3943; x_wconf 70' lang='lat' dir='ltr'><strong>C.15</strong></span> <span class='ocrx_word' id='word_1_327' title='bbox 765 3875 837 3941; x_wconf 81' lang='lat' dir='ltr'><strong>Jeu.</strong></span> <span class='ocrx_word' id='word_1_328' title='bbox 857 3872 942 3939; x_wconf 77' lang='grc'><strong>4666</strong></span> <span class='ocrx_word' id='word_1_329' title='bbox 959 3871 991 3936; x_wconf 79' lang='lat' dir='ltr'><strong>io</strong></span> <span class='ocrx_word' id='word_1_330' title='bbox 1007 3891 1070 3935; x_wconf 84' lang='lat' dir='ltr'><strong>uno</strong></span> <span class='ocrx_word' id='word_1_331' title='bbox 1092 3867 1165 3934; x_wconf 80' lang='lat' dir='ltr'><strong>ord.</strong></span> <span class='ocrx_word' id='word_1_332' title='bbox 1182 3868 1258 3933; x_wconf 85' lang='lat' dir='ltr'><strong>Min.</strong></span> <span class='ocrx_word' id='word_1_333' title='bbox 1278 3869 1320 3934; x_wconf 80' lang='grc'><strong>044</strong></span> <span class='ocrx_word' id='word_1_334' title='bbox 1337 3869 1378 3954; x_wconf 68' lang='lat' dir='ltr'><strong>tii:</strong></span> 
     </span>
     <span class='ocr_line' id='line_1_40' title="bbox 344 3956 1379 4043; baseline -0.006 -16"><span class='ocrx_word' id='word_1_335' title='bbox 344 3961 422 4043; x_wconf 89' lang='lat' dir='ltr'><strong>quia</strong></span> <span class='ocrx_word' id='word_1_336' title='bbox 447 3966 600 4033; x_wconf 91' lang='lat' dir='ltr'><strong>nimirum</strong></span> <span class='ocrx_word' id='word_1_337' title='bbox 624 3963 769 4030; x_wconf 85' lang='lat' dir='ltr'><strong>Officium</strong></span> <span class='ocrx_word' id='word_1_338' title='bbox 794 3960 974 4029; x_wconf 87' lang='lat' dir='ltr'><strong>continuari</strong></span> <span class='ocrx_word' id='word_1_339' title='bbox 998 3958 1093 4023; x_wconf 87' lang='lat' dir='ltr'><strong>debet</strong></span> <span class='ocrx_word' id='word_1_340' title='bbox 1117 3977 1154 4022; x_wconf 92' lang='grc'><strong>40</strong></span> <span class='ocrx_word' id='word_1_341' title='bbox 1178 3956 1292 4033; x_wconf 80' lang='lat' dir='ltr'><strong>inodo,</strong></span> <span class='ocrx_word' id='word_1_342' title='bbox 1317 3978 1379 4042; x_wconf 92' lang='lat' dir='ltr'><strong>quo</strong></span> 
     </span>
     <span class='ocr_line' id='line_1_41' title="bbox 342 4045 1379 4144; baseline -0.002 -33"><span class='ocrx_word' id='word_1_343' title='bbox 342 4045 472 4137; x_wconf 88' lang='lat' dir='ltr'><strong>incipit.</strong></span> <span class='ocrx_word' id='word_1_344' title='bbox 497 4054 531 4122; x_wconf 92' lang='lat' dir='ltr'><strong>Si</strong></span> <span class='ocrx_word' id='word_1_345' title='bbox 555 4075 654 4144; x_wconf 91' lang='lat' dir='ltr'><strong>porro</strong></span> <span class='ocrx_word' id='word_1_346' title='bbox 682 4053 722 4120; x_wconf 92' lang='lat' dir='ltr'><strong>dc</strong></span> <span class='ocrx_word' id='word_1_347' title='bbox 751 4051 899 4138; x_wconf 86' lang='lat' dir='ltr'><strong>sequenti</strong></span> <span class='ocrx_word' id='word_1_348' title='bbox 922 4069 985 4115; x_wconf 94' lang='lat' dir='ltr'><strong>non</strong></span> <span class='ocrx_word' id='word_1_349' title='bbox 1009 4046 1065 4113; x_wconf 85' lang='lat' dir='ltr'><strong>frat</strong></span> <span class='ocrx_word' id='word_1_350' title='bbox 1087 4065 1105 4111; x_wconf 90' lang='lat' dir='ltr'><strong>a</strong></span> <span class='ocrx_word' id='word_1_351' title='bbox 1129 4045 1299 4132; x_wconf 78' lang='lat' dir='ltr'><strong>dapittdo,</strong></span> <span class='ocrx_word' id='word_1_352' title='bbox 1321 4045 1379 4111; x_wconf 83' lang='lat' dir='ltr'><strong>scd</strong></span> 
     </span>
    </p>
   </div>
   <div class='ocr_carea' id='block_1_3' title="bbox 416 4145 458 4211">
    <p class='ocr_par' dir='ltr' id='par_1_5' title="bbox 416 4145 458 4211">
     <span class='ocr_line' id='line_1_42' title="bbox 416 4145 458 4211; baseline 0.071 -3"><span class='ocrx_word' id='word_1_353' title='bbox 416 4145 458 4211; x_wconf 82' lang='grc'><strong>44</strong></span> 
     </span>
    </p>
   </div>
   <div class='ocr_carea' id='block_1_4' title="bbox 0 0 1750 4875">
    <p class='ocr_par' dir='ltr' id='par_1_6' title="bbox 0 0 1750 4875">
     <span class='ocr_line' id='line_1_43' title="bbox 0 0 1750 4875; baseline 0 0"><span class='ocrx_word' id='word_1_354' title='bbox 0 0 1750 4875; x_wconf 95' lang='lat' dir='ltr'><strong> </strong></span> 
     </span>
    </p>
   </div>
  </div>
 </body>
</html>
