3484 4875
363 459 428 538 ΞΜ
563 482 738 532 xuuovavna
754 484 842 532 amna
858 482 995 532 ocrxvax
1010 483 1206 532 asceastoars
1230 469 1235 478 '

341 616 373 660 n.
392 591 445 677 5);
471 599 538 657 tum
562 593 679 677 quippe
702 591 797 677 bujus
820 588 967 657 Officium
990 591 1054 656 erit
1075 588 1383 677 persolvendumcon

342 681 646 747 commemoratione
663 677 800 754 Octava,
824 680 966 763 quinimo
983 677 1053 743 haec
1069 680 1250 755 omittetur,
1264 679 1291 742 si
1304 697 1386 743 occur
1431 735 1432 741 ,

343 788 418 834 rens
441 767 571 832 Festum
596 767 736 831 extiterit
764 766 882 850 duplex
904 766 1016 851 primae
1040 773 1098 830 aut
1120 765 1272 831 secunda
1292 765 1387 830 classis.

341 855 388 920 lle
412 854 505 919 besto
530 854 669 939 simplici
699 853 736 917 iit
758 853 1021 918 commemoratio
1053 872 1128 918 cum
1157 872 1244 917 nona
1266 852 1329 937 ejus
1346 851 1387 917 Lc-

343 943 462 1016 ctione;
484 942 511 1004 si
534 942 699 1027 propriam
723 939 849 1005 habeat.
867 939 1013 1005 Officium
1038 959 1136 1025 porro
1161 938 1248 1005 inira
1268 936 1390 1005 Octavam

343 1038 395 1094 ost
426 1028 625 1114 semiduplex
648 1048 685 1093 ac
709 1028 844 1111 singulis
867 1026 980 1092 dicbus
1009 1028 1140 1092 omnino
1166 1028 1353 1113 persolvitur
1369 1034 1391 1092 ul

344 1116 388 1181 ibi
412 1124 444 1179 et
468 1116 500 1180 in
524 1114 641 1191 Festo;
665 1117 807 1200 itemque
831 1122 866 1180 ut
897 1116 930 1179 in
953 1113 1049 1179 Festo
1073 1114 1175 1179 Missa
1208 1114 1323 1180 dicitur
1341 1133 1392 1180 cun

343 1203 364 1268 O
389 1202 539 1268 Oratione
565 1203 748 1278 Concedeb
771 1201 918 1267 Ecclesioe
942 1202 990 1267 vel
1015 1221 1072 1286 pro
1097 1199 1342 1287 Papa.Ouotics
1361 1220 1393 1267 cu

341 1290 482 1377 juspiam
507 1290 669 1375 Simplicis
685 1289 830 1355 iacienda
854 1291 897 1355 sit
921 1291 1201 1364 commemoratio,
1217 1289 1239 1354 O
1257 1287 1392 1356 Oratiode
1433 1317 1434 1357 1

344 1380 415 1490 ipso
439 1378 548 1455 erit,b
576 1378 723 1452 Concede,
740 1379 859 1442 omissa
883 1379 984 1442 altera
1002 1374 1147 1441 Ecclesiae
1171 1377 1223 1441 vel
1240 1397 1299 1462 pro
1322 1377 1392 1462 Papa
1432 1405 1434 1407 ·

346 1464 446 1531 chdo
470 1472 502 1530 et
527 1464 793 1530 Communicootes
825 1464 864 1529 de
888 1465 1083 1529 ascensione
1107 1483 1167 1549 per
1200 1472 1302 1530 totam
1325 1463 1392 1530 Octa·

344 1569 417 1619 vam
441 1552 640 1628 recitantur,
664 1554 761 1618 etiam
784 1552 817 1617 in
839 1551 944 1617 llestis
968 1549 1051 1616 inira
1074 1550 1226 1617 eamdem
1250 1567 1392 1617 occurren·

345 1637 454 1716 tibus,
483 1641 547 1704 imo
572 1648 603 1706 et
631 1640 969 1706 commemorationem
993 1637 1121 1705 Octavaa
1152 1639 1391 1725 expungentibus
1432 1701 1434 1706 .

345 1727 377 1792 S.
401 1728 438 1791 a.
466 1726 497 1791 0.
523 1727 541 1791 7
565 1727 645 1812 Aup.
671 1727 756 1793 luti
784 1729 816 1792 iu
838 1749 902 1793 uuo
929 1724 1027 1792 Urbis.
1052 1727 1191 1811 Insuper
1218 1725 1392 1793 ascensionis

344 1812 495 1879 Praefatio
512 1816 652 1899 quotidie
675 1826 850 1901 usurpatur
874 1834 974 1900 usque
991 1815 1032 1881 ad
1047 1814 1200 1898 Vigiliam
1216 1813 1392 1880 Pentecosta

299 1939 304 1945 -
346 1902 527 1978 exclusive,
552 1902 689 1989 demptis
714 1903 838 1980 Fastis,
867 1904 895 1967 si
919 1923 981 1988 qua
1004 1902 1172 1978 incidant,
1198 1900 1392 1967 Pretorium

346 1990 512 2075 propriam
528 1989 756 2056 obtinentibus.
774 1989 927 2071 Quaenam
944 1998 1051 2056 autem
1067 1988 1220 2056 Praefatio
1245 1985 1394 2055 adhibenda

347 2078 392 2144 sit
420 2078 451 2141 in
476 2098 613 2143 occursu
636 2079 768 2144 alterius
799 2077 949 2155 Octava,
981 2099 1052 2163 quae
1076 2079 1210 2164 propria
1234 2076 1393 2144 Praelatioat

347 2164 498 2231 similiter
521 2166 673 2251 potiatur,
693 2165 759 2250 jam
785 2165 1019 2231 declaravimus
1043 2185 1070 2229 c.
1095 2165 1116 2229 2
1141 2185 1173 2229 n.
1199 2166 1253 2230 55.

413 2251 445 2317 d.
471 2252 504 2317 Si
528 2254 560 2317 in
584 2253 724 2318 Sabbato
756 2260 830 2318 ante
852 2253 1053 2318 bominicam
1085 2250 1170 2316 inira
1196 2251 1343 2318 Octavam
1366 2248 1393 2314 l·

228 2380 244 2394 ι
347 2342 525 2405 sconsionis
558 2339 703 2405 Officium
727 2342 899 2406 recitatum
923 2342 966 2404 sit
995 2339 1034 2404 de
1058 2338 1109 2404 die
1132 2338 1218 2404 inira
1250 2338 1394 2409 Octavam.

347 2433 380 2493 et
404 2427 454 2492 die
478 2428 619 2494 crastina
639 2430 681 2494 sit
703 2427 905 2494 recitandum
929 2423 968 2492 de
991 2426 1169 2504 Oomioica,
1187 2428 1220 2492 in
1245 2425 1335 2513 hujus
1352 2425 1395 2511 pri

347 2515 409 2580 mis
431 2516 581 2601 Vesperis
614 2516 803 2602 Antiphonae
827 2524 860 2582 et
883 2515 1003 2581 Psalmi
1026 2521 1102 2580 sunt
1126 2514 1166 2579 de
1190 2514 1396 2580 Ascensionea

347 2603 493 2687 Oapitulo
517 2602 690 2668 Dominicae
715 2613 749 2670 ut
772 2604 827 2679 ibi,
852 2624 924 2669 cum
949 2603 1259 2667 commemoratione
1282 2601 1395 2671 Octava,

346 2690 375 2771 pi.
392 2688 545 2754 Ascendit.
571 2691 611 2755 dt
634 2691 688 2755 ubi
712 2690 824 2756 codem
848 2690 989 2756 Sabbata
1014 2697 1122 2755 actum
1147 2691 1192 2754 sit
1215 2689 1342 2756 Festum
1359 2703 1395 2751 no

347 2792 419 2839 vem
449 2775 657 2852 Lectionum,
691 2781 742 2844 vel
772 2780 914 2844 crastina
945 2777 996 2842 die
1026 2779 1068 2842 sit
1099 2777 1265 2860 agendum
1294 2768 1397 2860 aliquoi

347 2862 479 2927 Festum
504 2863 631 2946 duplex,
650 2873 725 2931 tunc
748 2887 880 2931 necesse
903 2867 965 2932 erit
984 2863 1143 2951 Vesperas
1169 2865 1315 2932 ordinari
1332 2865 1397 2950 juxta

349 2952 584 3015 concurrentia
607 2953 706 3035 leges.

416 3039 445 3100 5.
472 3035 603 3114 Quando
628 3039 761 3125 hujusce
784 3040 958 3106 Dominicae
982 3037 1127 3109 Officium
1153 3041 1358 3123 persolvitur,
1374 3053 1396 3097 t·

348 3124 435 3191 mnia
459 3123 608 3190 dicuntur
631 3134 666 3190 ut
690 3127 740 3191 die
763 3129 986 3205 ascensionis,
1010 3134 1129 3212 praeter
1152 3127 1313 3213 capitula,
1333 3121 1396 3192 tnt-

347 3213 471 3299 phonas
495 3213 535 3277 ad
551 3212 731 3301 Mopnisu'cut
754 3224 786 3280 et
810 3216 1002 3290 Benedictus,
1020 3212 1222 3290 Orationem,
1246 3216 1395 3281 Lecticam

348 3310 496 3367 octavum
520 3301 549 3387 ¹i·
575 3310 607 3367 ct
630 3302 769 3378 Missam,
794 3324 865 3388 quae
889 3305 1039 3369 nimirum
1064 3310 1140 3366 sunt
1164 3305 1316 3389 propria3
1338 3315 1396 3366 conv

347 3391 537 3454 memoratio
560 3388 596 3453 fit
619 3388 745 3455 Octavus
769 3390 809 3475 (γ’.
834 3390 995 3476 Ascendit)
1019 3391 1052 3454 iu
1075 3390 1241 3456 Laudibus
1267 3400 1299 3457 et
1319 3389 1394 3455 bno

348 3477 381 3541 in
405 3497 466 3562 qua
492 3477 652 3552 omittitur
675 3478 693 3542 5
719 3477 850 3555 Oratio,
884 3481 944 3544 nisi
968 3479 1058 3544 locus
1083 3476 1171 3542 adsit
1195 3488 1393 3544 commemora·

349 3564 429 3628 tioni
463 3564 550 3629 Festi
581 3564 764 3650 Simplicis;
800 3587 863 3630 non
893 3566 1105 3632 excluduntur
1138 3574 1247 3631 tamen
1279 3565 1392 3654 eolleup

349 3651 526 3735 imperatae.
551 3651 599 3715 Ad
630 3653 770 3717 Primam
803 3661 867 3718 tres
899 3653 1065 3719 dumtaxat
1095 3654 1278 3718 recitantur
1306 3647 1389 3717 Psaltd

350 3747 386 3801 ut
410 3738 439 3801 in
465 3738 578 3804 Fastis.
597 3739 630 3804 Si
654 3760 752 3825 porro
775 3741 808 3805 in
831 3741 892 3806 hac
909 3741 1075 3806 llominica
1091 3741 1278 3807 celebretur
1292 3739 1387 3804 leston
1431 3774 1434 3815 :

350 3824 490 3908 duplex,
522 3835 599 3890 tuuc
628 3828 667 3892 de
691 3848 728 3892 ca
754 3836 877 3895 tantum
901 3831 1008 3913 agitur
1036 3828 1303 3893 commemoratio
1323 3821 1385 3910 (avit
1421 3860 1434 3899 a,

350 3913 487 3976 alteram
511 3910 655 4000 Octavae)
679 3915 711 3980 iu
736 3917 880 4001 utrisque
901 3917 1061 4003 Vesperis‚
1085 3914 1251 3982 Laudibus
1275 3922 1305 3981 et
1322 3908 1383 3976 llitt³
1419 3946 1434 3987 a

350 4018 424 4063 cum
447 4018 531 4063 nona
561 4003 663 4082 ipsios
685 4002 836 4068 Lectione
861 4004 900 4070 de
923 4005 1054 4072 homilia
1081 4003 1120 4069 ad
1145 4003 1341 4071 Matutinum
1361 3990 1380 4053 ii
1419 4010 1433 4076 l

350 4085 522 4171 Evangelio
546 4088 605 4153 sub
628 4090 732 4155 Missae
755 4091 860 4157 linem.
