3484 4875
510 391 607 437 cerev
622 391 654 437 ll.
672 391 712 437 DE
727 390 878 437 ruminus
894 390 997 437 vestis
1011 390 1150 437 toeouvu
1298 370 1345 437 Ἡ

291 496 369 563 test
396 499 428 563 iu
452 520 517 563 unu
540 498 721 565 Marsorum
745 498 787 563 ud
810 498 863 563 dl.
888 497 968 563 Item
993 498 1032 563 de
1055 497 1195 563 Patrono
1225 496 1366 564 Ditionis

289 582 470 652 laciendum
495 594 545 652 cst
569 607 628 672 per
651 595 754 652 totam
770 586 929 651 [titionem
946 586 1007 652 sub
1023 585 1137 651 codem
1152 587 1218 651 ritu
1242 584 1365 672 duplici

291 672 306 738 l
331 675 447 741 elassis
470 692 546 741 cum
566 675 686 741 Octava
710 673 839 740 aGlero
856 673 1021 751 Saeeulari,
1046 681 1077 739 ct
1094 693 1166 739 cum
1183 672 1296 738 seriata
1314 673 1367 738 dic

288 780 345 846 pro
368 764 500 850 populo,
525 762 698 829 dummodo
729 764 854 849 pariter
876 764 982 849 aliqua
1018 762 1184 827 Provincia
1219 760 1365 847 ejusdem

287 848 534 918 ilitiouissuum
550 852 746 937 peculiarem
770 850 945 917 Patronem
964 872 1025 917 non
1044 850 1172 925 habeat,
1188 850 1262 934 quia
1287 858 1365 915 tunc

288 938 326 1004 de
347 940 412 1006 isto
435 948 562 1006 tantum
586 962 604 1007 a
628 940 721 1005 Clero
745 939 900 1005 Saeniani
936 941 1037 1026 ipsius
1070 939 1248 1003 Provinciae
1270 956 1366 1022 agen·

288 1026 362 1094 dnm
385 1029 448 1094 erit
472 1026 619 1095 officium
642 1028 703 1095 sub
727 1026 862 1114 presiate
878 1029 955 1103 ritu,
979 1048 1052 1093 cum
1076 1026 1205 1100 Octava,
1223 1034 1254 1091 et
1271 1024 1364 1090 leria-

288 1123 319 1180 ta
342 1116 408 1190 die;
433 1116 514 1183 nihil
537 1136 612 1184 vero
638 1116 677 1183 de
701 1117 841 1182 Patrono
870 1116 1019 1191 Ditionis,
1036 1116 1098 1180 nisi
1122 1114 1205 1197 adsit
1230 1134 1364 1179 consue·

290 1204 362 1270 tudo
385 1205 551 1271 contraria
575 1213 608 1272 ct
630 1206 796 1290 legitima,
821 1226 885 1290 quo
909 1226 986 1270 casu
1013 1204 1057 1268 ihi
1082 1203 1136 1268 liet
1159 1204 1243 1268 sicut
1266 1222 1364 1287 supra

290 1292 407 1360 dictum
431 1304 483 1361 cst
507 1294 546 1359 dc
570 1294 710 1360 Patrono
740 1293 903 1359 iliceccsis.
929 1291 1019 1371 Quod
1052 1292 1080 1356 si
1108 1291 1263 1379 praedicta
1293 1291 1365 1356 loen

291 1381 351 1447 sive
369 1384 577 1468 particularia
600 1384 667 1449 sive
683 1382 875 1448 universalia
892 1383 1004 1468 plures
1019 1380 1177 1445 Patronus
1199 1379 1366 1444 obtineant

292 1468 427 1553 legitime
450 1472 664 1548 constitutos,
691 1480 766 1536 tune
795 1470 834 1535 dc
863 1471 965 1554 magis
994 1469 1168 1555 Principali
1196 1476 1363 1533 tantuma

295 1556 378 1624 Clero
408 1558 565 1626 Saeculari
593 1560 770 1645 respective
795 1558 1024 1625 celebrandum
1047 1559 1109 1622 crit
1134 1555 1281 1623 Officium
1304 1556 1366 1621 sub

296 1646 351 1711 ritu
373 1647 493 1736 duplici
520 1648 535 1713 l
564 1649 678 1715 classis
710 1667 784 1712 cum
807 1647 949 1721 Octava,
974 1646 1012 1710 de
1036 1646 1092 1709 illo
1123 1666 1237 1731 nempe
1272 1644 1365 1729 cujus

299 1728 440 1801 testivitas
465 1756 483 1801 a
508 1737 802 1823 populo.recoiitur
820 1738 848 1801 vi
865 1736 1108 1801 constitutionis
1136 1732 1284 1798 Universa
1309 1733 1366 1798 Uv-

303 1820 360 1887 lnni
377 1824 458 1899 titt
477 1824 516 1891 de
540 1826 611 1892 aliis
628 1835 735 1891 autem
752 1832 865 1908 agetur
889 1822 1036 1889 iliivcium
1059 1823 1118 1887 suli
1145 1824 1209 1888 ritu
1226 1822 1363 1907 duplicis

305 1910 415 1995 majoris
439 1912 607 1979 dumtaxat
631 1923 663 1979 et
686 1915 755 1979 sine
771 1912 891 1978 Octava
915 1910 932 1997 (
946 1913 977 1977 S.
997 1912 1031 1976 u.
1053 1911 1083 1976 G.
1102 1912 1145 1976 ue
1162 1909 1256 1977 llort.
1277 1908 1364 1976 tutu

307 1996 329 2058 t'u
345 2000 451 2066 dormi.
476 2011 506 2067 et
534 2001 657 2067 lutetia
681 2001 855 2090 (triplicium
879 2002 956 2085 maj.
974 2000 1131 2064 Breoiurii
1157 1999 1245 2064 lionn
1255 2000 1285 2085 ),·
1303 1997 1369 2063 nisi

308 2102 334 2148 tt
349 2090 531 2175 Apostolico
555 2090 695 2167 lrldnlto,
718 2092 769 2156 vel
793 2088 1025 2155 consuetudine
1057 2094 1184 2172 recepta
1209 2095 1283 2152 ante
1306 2086 1366 2151 lle·

260 2221 263 2226 .
308 2183 409 2242 cretum
425 2198 525 2263 super
549 2179 705 2245 electione
722 2178 916 2244 Sanctorum
933 2179 973 2258 in
989 2177 1149 2241 l'ntrenos
1165 2196 1195 2240 n.
1220 2176 1263 2240 Ἡ
1288 2173 1365 2239 alle·
1470 2243 1479 2252 „

239 2272 240 2275 ’
309 2270 406 2342 gotum,
430 2268 527 2332 aliter
549 2267 618 2333 deri
642 2268 756 2333 debeat
779 2268 828 2332 vel
854 2266 1055 2352 possitque
1083 2283 1158 2328 casu
1184 2272 1290 2328 tamen
1316 2282 1367 2326 so·

308 2346 355 2417 iun
376 2355 479 2440 magis
503 2356 690 2442 principalis
713 2354 867 2421 colendus
890 2355 950 2419 erit
967 2373 1039 2417 eum
1057 2350 1152 2415 Festo
1177 2351 1209 2415 in
1233 2350 1364 2436 populo.

310 2434 393 2509 Conui.
418 2454 459 2509 to.
483 2445 499 2510 l
520 2466 545 2510 c.
565 2446 583 2510 5
601 2445 631 2511 el.
650 2446 667 2510 7
689 2446 759 2511 τιὸ
782 2454 812 2508 et
837 2445 889 2509 ll.
915 2445 940 2508 Α
966 2441 1185 2524 [tegularilvus
1209 2460 1306 2525 porro
1332 2459 1365 2504 u·

308 2528 431 2619 triusqne
455 2551 552 2598 sexus
575 2554 777 2620 quocumque
799 2534 832 2598 iu
856 2552 932 2598 casu
959 2530 997 2596 de
1023 2529 1148 2595 duebns
1173 2536 1368 2594 tautummo-

307 2611 335 2678 lt
362 2621 596 2707 principalibus
620 2623 678 2710 (et
708 2622 762 2688 ubi
793 2622 903 2708 plures
938 2627 1024 2696 sunt,
1048 2617 1087 2682 de
1113 2616 1237 2683 duobus
1261 2617 1368 2702 magis·

304 2706 531 2797 principalibus)
555 2710 707 2778 Patronis
727 2711 887 2776 Locorum
904 2706 1133 2774 celebrandum
1149 2714 1199 2772 est
1215 2704 1362 2773 Officium

303 2795 348 2860 sut
368 2799 435 2864 ritu
460 2797 579 2885 duplici
608 2800 624 2865 l
653 2800 768 2866 classis
790 2797 850 2888 (Ἴ,
875 2797 932 2864 sed
956 2798 1024 2863 sine
1052 2794 1172 2861 Octava
1199 2795 1291 2882 (nisi
1318 2795 1366 2865 eis

1208 2890 1215 2911 Ι

343 3078 378 3155 l')
399 3083 442 3141 Ex
465 3080 590 3139 Decreto
610 3078 667 3140 diei
692 3083 731 3142 lt»
751 3083 823 3156 Apr.
844 3081 923 3141 teeu
940 3078 968 3138 in
990 3095 1046 3138 una
1070 3076 1187 3138 Ordinis
1202 3075 1368 3137 carmelita·

295 3173 349 3221 vom
370 3158 490 3221 Excalc.
513 3158 541 3219 in
562 3158 723 3230 Hibernia,
745 3157 907 3236 colligitur,
929 3156 1099 3234 Regulaves
1143 3155 1173 3216 ui
1195 3172 1231 3215 cx
1252 3155 1368 3216 indulte

294 3238 452 3318 tpestolico
471 3236 623 3299 celebrent
644 3241 801 3299 Patronem
822 3236 935 3316 proprii
952 3236 1070 3296 Ordinis
1095 3253 1128 3295 su
1175 3234 1230 3294 ritu
1253 3233 1363 3310 duplici

294 3317 438 3390 teloneis,
459 3317 551 3377 tcneri
574 3317 609 3377 od
632 3316 815 3379 recitandum
834 3315 972 3378 Officium
994 3313 1109 3376 Patroni
1133 3313 1302 3392 principalis
1317 3316 1369 3373 Lo·

292 3396 311 3456 ci
329 3397 389 3458 sub
410 3398 468 3458 ritu
491 3395 602 3474 duplici
625 3397 763 3459 secundm
783 3395 886 3458 classis
908 3395 1067 3456 dumtaxat.
1083 3396 1194 3453 Verum
1209 3395 1366 3452 Decretum

293 3473 337 3538 itoc
359 3475 465 3538 lmberi
487 3476 589 3556 nequit
611 3477 651 3538 uti
674 3476 820 3554 generale,
840 3475 892 3535 sed
915 3472 1056 3553 peculiari
1072 3472 1207 3551 qrrnpiem
1222 3471 1259 3531 de
1279 3489 1368 3530 cerusa

293 3556 405 3617 editum.
426 3557 501 3617 Num
524 3556 802 3637 praeterquamquod
825 3555 978 3616 innumera
1001 3551 1216 3632 propemodum
1230 3559 1297 3611 sunt
1313 3554 1370 3610 De·

293 3645 374 3709 crete,
395 3653 466 3716 quae
485 3635 644 3710 lteguleres
666 3634 849 3712 adstringunt
871 3634 907 3694 od
931 3632 1139 3695 celebrandum
1161 3629 1295 3692 Officium
1319 3633 1370 3689 l‘a·
1434 3655 1443 3668 ·

295 3716 361 3776 troni
383 3713 558 3794 principalis
573 3713 641 3777 tect
655 3715 711 3776 sul)
734 3713 791 3776 vitu
814 3713 926 3791 duplici
953 3716 965 3774 l
990 3712 1111 3786 classis3
1135 3712 1209 3773 ratio
1230 3711 1291 3788 ipsa
1313 3707 1367 3772 line

295 3794 397 3855 suadet.
419 3794 451 3856 Si
473 3794 551 3856 enim
572 3794 732 3871 llegulares
754 3793 893 3872 obligatio
915 3800 998 3869 urget
1020 3792 1122 3870 egendi
1145 3795 1261 3852 Festum
1283 3790 1367 3850 Titu-

298 3870 349 3934 lare
363 3873 548 3936 cathedralis
569 3875 624 3935 sub
646 3873 702 3936 ritu
725 3873 837 3954 duplici
860 3877 873 3933 l
899 3872 1009 3944 classis,
1030 3871 1165 3952 quumvis
1186 3869 1241 3932 sub
1263 3868 1366 3929 eodem

299 3954 345 4014 vitu
366 3953 514 4017 celebrent
537 3956 691 4035 proprium
707 3958 893 4027 emiuentus,
925 3951 954 4013 in
975 3967 1035 4034 que
1055 3958 1223 4024 nvoveutur,
1246 3952 1364 4010 Festum
