3484 4875
488 502 490 507 '
508 500 727 549 annotationes
743 503 773 547 III
789 503 878 548 rrsrt
894 503 1055 550 ornaments
1224 484 1287 554 419

333 606 389 672 III.
406 604 494 673 Inlra
509 606 660 675 Octavam
677 608 893 677 immaculatae
909 609 1133 695 Conceptionis
1149 610 1185 676 ll.
1201 610 1242 677 u.
1259 613 1309 690 V,

287 696 397 762 omnia
434 697 658 782 persolvuntur
682 707 716 764 ut
745 698 861 765 ibidem
890 708 922 766 et
947 701 978 765 in
1002 698 1106 765 Festo.
1142 700 1236 765 Missa
1261 700 1309 766 di·

288 786 375 850 eitur
399 792 435 849 ut
468 786 499 850 io
523 786 583 863 die,
606 787 627 852 2
651 786 759 852 Oratio
794 795 844 853 est
866 787 905 853 de
929 788 1044 865 Feria‚
1071 788 1089 852 ὅ
1115 787 1154 854 de
1183 788 1307 875 Spiritu

286 883 412 939 saneto.
437 872 471 938 Si
494 872 575 941 lorte
598 877 858 942 commemoratio
883 877 1001 942 incidat
1024 876 1200 963 cujuspiam
1224 876 1308 943 Sim·

287 963 394 1047 plicis‚
418 961 456 1027 de
478 963 540 1029 hoc
574 966 634 1030 erit
658 965 676 1029 5
700 963 820 1041 Oratio,
844 966 962 1032 omissa
985 966 1086 1031 altera
1110 965 1148 1030 de
1182 964 1306 1052 Spiritu

292 1060 417 1116 sancto.

247 1136 276 1205 O.
299 1140 425 1206 -Ubi
448 1139 577 1206 Festum
601 1140 632 1206 S.
657 1141 819 1207 Francisci
834 1141 960 1207 Xaverii
978 1142 1094 1208 colitur
1110 1162 1183 1209 cum
1207 1140 1301 1209 Octa·

288 1248 337 1303 va,
362 1230 389 1294 si
413 1249 484 1294 cras
507 1228 602 1296 luerit
617 1229 780 1296 DominIca
796 1231 934 1296 secunda
959 1231 1129 1307 Adventus,
1153 1240 1185 1296 et
1208 1232 1304 1298 hodie

289 1314 433 1382 Officium
457 1328 564 1384 actum
587 1320 628 1385 sit
652 1318 689 1384 de
717 1319 767 1384 die
791 1317 873 1384 inira
897 1318 1047 1385 Octavam
1076 1319 1303 1396 Immaculata,

288 1405 437 1492 Vesperae
454 1416 547 1473 erunt
564 1407 603 1473 de
619 1406 678 1473 hac
694 1408 816 1484 eadem,
839 1429 856 1473 a
874 1407 1018 1494 Capitulo
1037 1407 1208 1474 uominicae
1231 1430 1305 1475 cunr

289 1497 592 1562 commemoratione
625 1498 714 1581 prius
748 1497 975 1571 Immaculata,
1004 1496 1207 1583 postmodum
1243 1498 1306 1563 diei

290 1580 418 1649 Octava
441 1582 473 1649 S.
497 1584 669 1661 Francisci,
686 1586 813 1652 demum
834 1586 866 1652 S.
885 1585 1078 1652 Illelchiadis.
1096 1585 1138 1650 At
1160 1587 1187 1651 si
1210 1586 1305 1652 hodie

290 1669 435 1737 Officium
461 1674 629 1739 recitatum
657 1675 700 1739 sit
730 1674 841 1740 dedic
865 1673 947 1740 inira
970 1672 1121 1740 Octavam
1146 1671 1178 1740 S.
1204 1674 1301 1741 Fran-

290 1762 366 1826 cisci
382 1760 448 1846 (rabi
464 1783 577 1848 nempe
594 1763 661 1848 ejus
678 1761 807 1829 Festum
825 1763 1005 1829 celebrator
1021 1764 1084 1829 ritu
1108 1763 1227 1849 duplici
1244 1765 1307 1850 pri·

290 1870 350 1915 mae
368 1851 492 1927 classic,
508 1851 724 1917 Immaculata
741 1861 847 1918 autem
863 1852 1084 1940 Cooceptionis
1106 1852 1170 1918 ritu
1188 1852 1308 1939 duplici

290 1938 440 2004 secundae
463 1940 607 2026 elassis),
632 1949 699 2005 tom
722 1961 797 2006 vero
821 1941 860 2007 de
884 1941 1023 2032 Sabbato
1047 1949 1141 2006 eruut
1156 1940 1308 2028 Vespere

289 2028 385 2093 sicuti
408 2029 440 2093 in
465 2029 630 2105 Psalterio,
655 2050 673 2095 a
697 2029 841 2115 Capitale
865 2029 1048 2105 Oominieaa,
1072 2050 1143 2094 cum
1169 2050 1307 2096 comme·

289 2117 469 2182 moratione
484 2120 645 2203 sequentis
670 2118 730 2183 diei
753 2116 879 2183 Octava
896 2117 928 2182 S.
946 2117 1106 2182 Francisci
1123 2116 1170 2203 (ut
1193 2119 1225 2183 in
1242 2119 1307 2203 pri·

289 2206 353 2270 mla
377 2205 525 2291 Vesperis
555 2205 674 2292 Festi),
699 2206 811 2272 deinde
834 2203 960 2271 Octavae
984 2206 1215 2280 Immaculata,
1240 2215 1309 2271 tum

293 2292 326 2358 S.
354 2293 557 2372 illelohiatlis,
580 2316 682 2381 neque
705 2294 744 2361 ad
768 2294 1016 2382 Completorium
1049 2294 1163 2359 Preces
1196 2293 1307 2380 adjun-

290 2391 417 2468 gentur.
446 2384 599 2450 Consulite
624 2405 649 2451 c.
675 2385 694 2451 6
717 2407 748 2451 o.
773 2384 824 2451 ll.

242 2456 299 2537 ¹0.
322 2508 369 2520 —
393 2471 415 2537 l.
440 2473 474 2538 Io
498 2472 607 2539 Officio
630 2483 749 2540 sanctae
784 2474 903 2540 Domus
938 2470 1121 2538 Lauretanee
1149 2472 1176 2554 γ’.
1212 2474 1308 2558 primi

290 2560 448 2627 Nocturni
471 2571 520 2628 est
542 2563 602 2628 Ille
636 2563 745 2628 domus
778 2562 836 2628 Ilei
857 2573 902 2627 est
930 2570 1071 2649 otperto
1102 2561 1173 2626 eoeli
1185 2610 1193 2637 ,
1216 2561 1246 2649 nl.
1270 2561 1310 2627 Et

289 2650 451 2715 uocabitur
474 2652 547 2716 aulo
571 2652 628 2716 Dei
650 2673 687 2717 ex
710 2652 740 2739 rl.
764 2651 851 2716 brevi
875 2650 961 2716 horae
985 2650 1109 2716 Tertiae.
1127 2649 1158 2714 S.
1177 2649 1212 2714 tt.
1233 2649 1264 2716 C.
1290 2651 1309 2716 O

290 2737 372 2825 Aup.
399 2739 483 2805 1855
507 2743 538 2804 io
560 2762 623 2805 tum
650 2740 722 2806 Orci.
746 2740 820 2805 Min.
845 2741 876 2805 S.
906 2738 1077 2805 Francisei.
1114 2737 1232 2805 Octava
1255 2738 1310 2803 Ire·

291 2827 433 2900 nealctio
468 2837 517 2894 est
543 2828 638 2915 Cujus
670 2829 796 2894 Festum
832 2828 960 2893 colimus
994 2828 1061 2916 ipsa
1091 2826 1182 2913 l'irpo
1211 2826 1311 2912 Virpi·

290 2936 369 2980 rrum
392 2925 452 2982 eto.
476 2918 525 2983 Ad
548 2918 686 2983 Primam
711 2921 743 2983 in
766 2917 795 3004 tl.
820 2918 909 2983 brevi
932 2918 1161 3004 pronunciatur
1195 2916 1222 2999 pi.
1250 2916 1312 2993 Oui

289 3013 394 3078 notos,
418 3026 455 3071 ae
478 3006 590 3094 Hymni
616 3007 757 3092 ejusdem
781 3007 875 3072 metri
899 3007 942 3072 ita
967 3006 1190 3072 absolvuntur:
1220 3004 1310 3070 Jesrts

290 3092 349 3157 tibi
370 3094 408 3159 sit
429 3095 540 3179 plocio,
563 3096 618 3182 qui
638 3106 728 3162 notus
751 3103 823 3172 etc,
846 3096 970 3161 etiamsi
988 3095 1115 3161 Festum
1142 3091 1312 3159 transiera-

290 3189 355 3246 tur.
381 3180 416 3247 In
440 3203 477 3247 eo
501 3187 760 3251 commemoratio
784 3186 967 3270 proteritur
989 3183 1205 3250 Immaculata
1229 3181 1309 3246 Cou-

289 3270 460 3355 ceptionis,
483 3293 522 3338 ne
539 3271 682 3339 Officium
699 3274 793 3340 simul
817 3282 849 3338 et
865 3272 1126 3338 commemoratio
1143 3271 1174 3334 in
1198 3269 1312 3334 eodem

289 3357 419 3444 objecto
442 3371 617 3438 versentur,
641 3363 752 3429 eadem
776 3361 899 3426 scilieet
920 3360 954 3425 Β.
979 3360 1018 3424 Μ.
1035 3359 1174 3443 Virgine.
1200 3357 1309 3422 lleeole

290 3469 319 3513 e.
345 3447 365 3513 6
388 3471 419 3514 u.
443 3449 473 3515 il.
497 3449 613 3517 Contra
645 3472 742 3538 quum
765 3448 910 3515 Ollieium
945 3449 1160 3513 Immaculatae
1196 3445 1312 3511 Conce-

289 3535 422 3622 ptionis‚
444 3539 511 3615 sire
534 3540 574 3604 ob
598 3559 766 3606 occursum
788 3538 961 3605 Dominioze
985 3538 1049 3602 sire
1071 3536 1132 3600 alia
1150 3535 1188 3599 cle
1205 3555 1313 3609 causa,

249 3666 255 3673 -
289 3627 460 3711 reponitur
483 3628 534 3693 die
556 3649 639 3695 nona
663 3627 857 3703 Decembris,
881 3646 960 3712 opus
985 3634 1035 3691 est
1060 3634 1093 3690 ot
1109 3625 1141 3688 in
1165 3623 1313 3689 secundis

252 3708 257 3725 ¹
290 3713 443 3801 Vesperis
468 3716 506 3782 tle
529 3717 736 3783 Immaculata
760 3716 1020 3782 commemoratio
1052 3713 1171 3779 Domus
1196 3712 1312 3778 Laure-

290 3811 377 3868 tanae
401 3808 675 3890 praetermittatur.
703 3805 813 3891 Confer
835 3827 861 3870 e.
888 3805 906 3868 5
930 3828 960 3869 o.
985 3804 1005 3869 2
1028 3802 1083 3867 II.⁰

337 3892 376 3958 II.
402 3891 505 3973 Qutrm
529 3895 658 3961 Festum
682 3902 801 3961 sanctae
824 3893 944 3959 Domus
968 3893 1134 3978 reponitur
1157 3891 1188 3955 in
1223 3889 1315 3955 Furia

291 3989 409 4068 quarta
433 3980 575 4062 Ouatoor
598 3985 801 4070 Temporom,
825 3982 929 4069 quoad
954 4001 1069 4047 nonam
1086 3980 1268 4045 lectionem
1285 3987 1316 4043 et

292 4074 510 4161 Evangelium,
523 4073 607 4161 quod
624 4073 708 4142 idem
731 4082 779 4140 est
796 4092 832 4138 ac
856 4071 955 4149 Festi,
979 4070 1011 4136 id
1027 4068 1116 4138 elfice
1133 4067 1217 4156 qumi
1233 4088 1313 4154 prce·
