3484 4875
551 505 770 555 tunornrrorrs
786 495 1051 555 rnnrsrnunnr'tts
1241 484 1305 555 rot

328 602 435 678 llissali
456 611 516 679 hac
537 614 607 700 ipsa
630 615 689 680 die.
714 613 772 680 Ubi
795 634 869 680 vero
894 615 1073 681 celebretur
1095 610 1153 680 sub
1177 615 1240 682 ritu
1272 616 1326 684 du·

328 698 394 765 ilici
415 702 463 767 nel
485 702 684 790 semiduplici
708 712 739 768 et
761 702 1017 770 transferendum
1034 703 1082 769 ‘sit
1099 710 1186 770 extra
1204 712 1329 792 tempus

328 783 478 868 .³eschale‚
501 792 666 858 Lectiones
688 793 774 858 tertii
796 791 949 861 Nocturni
973 792 1121 858 dicuntur
1143 792 1182 858 de
1198 791 1328 860 homilia
1441 791 1445 797 “

331 895 354 943 1
376 878 578 963 Evangelium
601 880 636 946 Si
657 882 724 967 quis
739 881 824 954 ouit;
841 880 936 945 llissa
952 889 1057 947 autern
1074 882 1135 948 erit
1150 881 1329 949 Sacerdotes

328 962 379 1031 ue·
400 967 438 1033 dc
462 968 636 1036 Communi.
660 970 691 1035 S.
716 968 752 1035 lt.
779 969 810 1034 0.
835 969 873 1034 lt
900 970 983 1057 Sept.
1015 970 1100 1035 luto
1122 969 1154 1034 in
1178 969 1328 1039 Romano.

351 1092 395 1104 -
417 1055 453 1121 ln
475 1056 570 1124 Nesto
594 1057 626 1124 S.
650 1058 790 1124 Anselmi
808 1057 863 1143 Ep.
882 1056 969 1123 Conl.
987 1066 1017 1124 et
1034 1058 1190 1134 hectoris,
1207 1060 1329 1126 Lectio-

328 1161 373 1209 tes
397 1146 492 1230 primi
514 1145 666 1212 Nocturni
690 1166 816 1232 semper
838 1154 913 1211 sunt
940 1146 1132 1233 Sapientiam
1167 1148 1206 1212 de
1238 1147 1329 1214 (lorn-

328 1236 404 1298 nuni
429 1233 613 1301 Doctorum.
636 1235 667 1300 S.
691 1236 728 1300 a,
755 1236 786 1300 θ.
812 1236 830 1299 5
853 1234 930 1320 Moj.
957 1234 1040 1300 1756
1057 1236 1088 1299 iu
1103 1229 1268 1301 Eiusidien.
1294 1237 1328 1303 Si

328 1321 444 1405 puaudo
467 1322 596 1389 Festum
619 1324 679 1389 boo
702 1322 823 1388 incidat
845 1323 877 1387 in
902 1323 1107 1399 Nomionem,
1125 1325 1173 1389 vel
1191 1326 1222 1389 in
1247 1325 1330 1391 diem

331 1408 529 1477 rensleratur
552 1432 613 1499 qua
636 1411 832 1497 subjicienda
854 1412 896 1476 sit
920 1432 999 1477 noua
1023 1412 1130 1478 Lectio
1148 1412 1185 1478 de
1202 1412 1332 1481 homilia

328 1507 372 1564 tut
397 1498 435 1563 de
459 1499 552 1566 Nesto
586 1501 744 1587 simplici,
781 1509 855 1565 tuuc
877 1500 932 1565 Vll
966 1500 1073 1566 Lectio
1102 1501 1276 1568 absolvitur
1301 1504 1332 1569 ln

328 1586 414 1653 'erbo
440 1587 641 1674 Confereutee
664 1589 734 1655 Vlll
751 1589 951 1656 inchoatore
968 1590 1097 1656 vocibus
1113 1589 1222 1656 Merito
1234 1592 1333 1678 ‘'ipitur

328 1685 352 1741 rt
375 1676 408 1740 in
431 1676 591 1743 Brevierio
615 1679 704 1743 Rom.
730 1677 772 1743 tt
794 1676 947 1743 Jenrrarii.

350 1801 396 1815 -
419 1763 548 1844 Quoties
572 1765 715 1833 Ollioium
739 1766 788 1832 Ss.
813 1766 934 1831 Soteris
951 1774 982 1831 et
998 1765 1062 1853 Caji
1080 1768 1220 1833 occurrit
1243 1776 1333 1835 extra

328 1872 446 1938 empus
469 1853 643 1932 Paschale‚
679 1857 772 1921 tertia
805 1854 912 1919 Lectio
947 1855 1077 1921 secundi
1107 1856 1260 1923 Nocturni
1284 1867 1333 1923 est

328 1939 577 2031 Quotiescumque
599 1943 638 2008 de
661 1944 856 2011 Communil
878 1944 948 2008 loco
965 1943 1032 2029 ejus
1056 1946 1219 2032 temporis,
1245 1966 1334 2031 eque

328 2046 357 2094 tc
379 2029 546 2098 Lectiones
569 2033 657 2097 tertii
679 2032 833 2099 Nocturni
853 2051 926 2097 curn
942 2033 1129 2119 Antiphonis
1146 2041 1220 2098 etc:
1240 2054 1276 2100 ae
1292 2037 1336 2100 le-

328 2117 405 2200 titur
421 2119 515 2186 Missa
531 2118 627 2186 Intret
643 2122 767 2208 pariter.
786 2120 824 2186 de
847 2120 1011 2185 Communi
1028 2123 1042 2186 l
1064 2124 1144 2187 loco.
1165 2121 1256 2187 Rubr.
1275 2124 1333 2189 hic.

353 2243 398 2254 -
419 2207 444 2272 l.
469 2209 576 2275 Oratio
600 2208 632 2275 S.
657 2209 774 2274 Nidelis
798 2229 814 2274 c
839 2207 1039 2293 Sigmaringa
1062 2230 1125 2275 non
1141 2216 1190 2274 est
1206 2212 1334 2277 conclu·

328 2290 424 2361 lenda
446 2296 484 2361 11
505 2298 622 2363 unitate
637 2298 784 2385 ejusdem,
800 2296 856 2362 sed
873 2298 1061 2384 simpliciter
1077 2298 1113 2363 ln
1129 2298 1246 2363 uuitote
1262 2298 1331 2387 Spi-

328 2384 399 2450 ritus
420 2386 519 2451 sancti
540 2396 599 2453 eto.
623 2384 654 2453 S.
678 2386 715 2454 B.
742 2385 773 2453 C.
798 2386 839 2452 lt
862 2385 938 2452 Noe.
966 2386 1045 2453 11151
1079 2387 1110 2452 iu
1132 2408 1194 2453 uuo
1218 2385 1335 2454 Merso-

328 2473 534 2540 11111119.

365 2560 403 2626 ll.
429 2561 507 2628 llum
530 2563 658 2629 Nestum
681 2563 713 2630 S.
738 2563 854 2630 Fidelis
882 2564 1074 2630 translertur
1106 2570 1178 2651 post
1209 2571 1334 2650 tempus

328 2646 497 2727 l‘ascbale‚
519 2651 684 2718 Lectiones
709 2655 792 2718 tertii
815 2653 968 2719 Nocturni
991 2661 1066 2719 sunt
1088 2652 1126 2717 de
1149 2652 1277 2718 homilia
1303 2655 1335 2719 in
1429 2681 1433 2695 .

328 2734 527 2824 llvangelium
549 2741 584 2806 Si
606 2742 673 2827 quis
695 2742 776 2806 veuit
799 2741 838 2806 de
860 2742 1027 2808 Communi
1049 2742 1134 2807 illius
1157 2743 1334 2827 temporis,

328 2845 386 2892 una
409 2848 482 2894 cum
504 2829 692 2916 Antiphontis
716 2840 775 2896 etc.
800 2830 895 2896 Missa
918 2839 967 2896 cst
995 2831 1032 2896 11
1061 2833 1194 2908 virtum,
1228 2829 1336 2897 Oratio

328 2918 463 3002 propria,
487 2916 691 3002 Evangelium
715 2928 879 3004 utsupra.
903 2919 999 2985 Recbr.

366 3004 419 3070 Ill.
444 3005 502 3070 Ubi
519 3005 647 3072 Festum
663 3006 695 3073 S.
713 3008 810 3072 blaroi
824 3007 943 3094 jejunio
959 3008 1007 3073 vel
1023 3008 1214 3073 abstinentia
1231 3028 1249 3073 a
1266 3028 1337 3074 ear-¹

328 3093 416 3158 nibus
439 3095 640 3178 prevenitur‚
664 3097 691 3162 si
715 3095 781 3161 dies
804 3095 847 3161 tt
871 3098 988 3183 Aprilis
1011 3096 1130 3162 incidat
1158 3097 1191 3160 in
1214 3096 1358 3164 Feriam.

328 3184 452 3247 tertiam
475 3181 638 3250 Paschatis
661 3184 716 3272 (id
740 3204 835 3271 porro
860 3206 948 3270 eque
971 3186 1033 3250 vim
1057 3185 1188 3261 oblinet,
1211 3184 1238 3250 si
1261 3186 1339 3251 inci-

328 3269 380 3335 dat
403 3272 433 3335 in
458 3272 630 3339 secundem
654 3273 703 3338 vel
726 3274 758 3339 in
781 3272 978 3339 boninieam
1000 3272 1163 3359 Paschae),
1183 3271 1338 3358 jejunium

328 3360 373 3425 uel
397 3359 587 3427 abstinentia
617 3361 814 3450 protrahitur
843 3363 876 3426 in
907 3362 1012 3438 diem,
1044 3381 1114 3446 quae
1145 3361 1337 3427 translatum

328 3445 358 3512 S.
382 3447 479 3514 blanci
502 3447 632 3516 Nestum
654 3450 814 3537 precedit.
838 3450 869 3516 S.
895 3450 929 3515 u.
957 3449 988 3517 0.
1022 3449 1061 3514 ll
1094 3448 1165 3514 Nee.
1197 3447 1281 3514 1695
1304 3451 1338 3515 in

331 3535 487 3601 Toletoea.

329 3625 447 3690 .-1.
471 3624 601 3693 Nestum
624 3625 656 3692 S.
680 3627 777 3693 hlarci
801 3625 979 3713 prefertur,
1002 3627 1029 3691 si
1053 3634 1201 3692 occurrat
1228 3624 1260 3689 in
1281 3625 1338 3692 Fe·

328 3721 375 3777 sto
407 3714 578 3781 Patrocinii
607 3714 640 3781 S.
671 3715 788 3802 loseph
820 3715 961 3802 ejusdem
992 3716 1082 3780 ritus.
1114 3715 1144 3778 S.
1172 3714 1204 3780 R.
1232 3713 1264 3780 0.
1289 3715 1327 3780 ll

328 3801 408 3890 Sept.
434 3803 518 3868 tull
542 3806 573 3869 in
595 3804 723 3893 Popieu.
748 3805 781 3868 st
804 3824 878 3869 vero
902 3811 1092 3879 concurret,
1123 3802 1270 3891 Vespere
1303 3803 1334 3869 S.

328 3888 423 3956 llaroi
446 3899 540 3957 erunt
562 3893 703 3977 integre.
734 3892 807 3957 Vide
829 3915 854 3958 e.
881 3893 899 3957 5
923 3915 952 3958 u.
976 3892 1007 3958 1.
1030 3891 1086 3957 11.”

369 3978 408 4046 ll.
432 3980 577 4068 Apostoli
607 3989 640 4047 et
670 3980 878 4067 Evangeliste
902 3980 1054 4065 dignitate
1077 3980 1334 4066 equiparentur;

329 4065 398 4135 ideo
420 4069 447 4134 si
471 4068 611 4156 plurium
633 4070 728 4137 simul
751 4067 984 4136 transferentur
999 4067 1225 4149 Officimillud
1247 4069 1335 4156 prius
