3484 4875
604 453 606 457 ¹
674 490 764 539 ιιιιιι
779 490 880 537 ιιιιιιι
895 490 1078 539 ιιοιιιιιιιιιιι
1329 472 1393 539 art

371 598 627 666 memorationes
645 598 758 664 inillis
781 599 847 666 sint
871 599 1014 685 agendae,
1037 599 1113 664 ibid.
1131 598 1200 664 nd
1223 606 1255 665 et
1279 599 1309 665 4.
1336 597 1414 677 Quae

371 686 538 763 Praeiatio,
563 695 595 752 ct
618 687 705 773 quod
723 687 930 772 Evangeiium
949 689 979 752 in
997 687 1103 753 Misso
1128 686 1199 763 tine,
1224 687 1300 752 ibid.
1325 708 1357 751 n.
1382 688 1414 753 d.

373 775 513 855 Quando
537 775 632 841 Missa
665 775 893 841 Conventualis
925 795 997 841 esse
1030 783 1137 863 potest
1168 777 1272 841 votiva
1303 774 1418 841 uelde

373 864 510 949 Requie,
535 863 611 928 ibid.
637 882 668 927 n.
694 853 912 930 tectisue
935 864 1006 929 haeo
1031 884 1092 950 qna
1110 864 1189 929 hora
1214 861 1417 939 celebranda,

352 952 489 1017 adnot.
514 951 552 1015 54
581 950 694 1017 Octob.
721 972 751 1016 n.
775 951 819 1016 111
842 959 875 1017 et
898 951 918 1017 b
942 952 1019 1019 Nor.
1044 973 1074 1018 n.
1100 951 1124 1017 Ι.
1149 952 1228 1017 Item
1260 953 1290 1016 in
1315 950 1417 1016 Feriis

380 1047 414 1105 et
437 1039 543 1104 Festis
566 1040 780 1125 simplicibus,
805 1060 833 1104 c.
858 1041 877 1106 8
902 1060 933 1105 n.
957 1040 988 1104 d.

330 1126 430 1193 Missa
454 1128 482 1192 si
504 1127 616 1212 plures
640 1126 802 1212 Mpistolas
827 1148 885 1193 seu
908 1128 1077 1192 Lectiones
1102 1127 1231 1202 habeat,
1255 1125 1417 1212 quomodo

374 1216 448 1281 istae
472 1217 662 1286 recitantur,
687 1224 796 1281 annot.
814 1216 846 1279 in
872 1215 1159 1300 Quadragesimam
1184 1236 1215 1281 n.
1235 1216 1329 1280 ibri
1355 1235 1417 1300 quo

377 1302 535 1370 canendae
558 1304 590 1367 in
615 1304 712 1368 Missa
738 1304 886 1379 solemni,
911 1303 988 1369 ibid.

334 1389 432 1458 Missa
457 1391 495 1456 de
520 1390 651 1475 Requie.
677 1390 888 1469 Quandonam
912 1393 1047 1475 singulae
1072 1412 1109 1456 ex
1134 1400 1273 1476 quatuor
1297 1390 1418 1463 Missis,

379 1499 451 1563 quae
467 1498 527 1565 pro
543 1478 709 1545 Detinetis
726 1488 837 1545 extant
853 1479 1034 1553 in'Missali‚
1053 1479 1214 1554 dicuntur,
1233 1499 1260 1543 c.
1278 1478 1297 1543 8
1315 1498 1346 1542 n.
1364 1477 1418 1541 26.

379 1566 465 1645 Quot
496 1574 529 1631 et
561 1587 632 1652 quae
664 1566 833 1633 Orationes
863 1567 896 1631 in
928 1568 1033 1632 Missis
1058 1565 1096 1630 de
1120 1566 1241 1651 Requie
1274 1564 1418 1629 dioendae

378 1654 465 1730 sint,
489 1653 567 1719 ibid.
603 1676 634 1720 n.
658 1656 712 1720 Ἡ.
737 1655 786 1720 dn
811 1656 843 1719 in
867 1654 963 1719 Missa
988 1654 1028 1719 de
1053 1653 1174 1739 Requie
1198 1653 1420 1719 administrari

379 1750 476 1827 queat
499 1740 557 1806 SS.
575 1741 776 1818 Communio,
800 1741 877 1808 ibid.
904 1764 934 1807 n.
959 1743 1012 1808 Mt.
1039 1740 1160 1821 Quibus
1186 1742 1298 1807 diebus
1323 1742 1419 1805 Missa

377 1830 533 1896 solemnis
547 1829 587 1894 de
599 1829 730 1914 Requie,
744 1839 904 1915 presente
919 1830 1090 1906 Gadamm,
1106 1830 1328 1916 prohibeatur,
1341 1828 1418 1894 ibid.

377 1938 411 1983 ιι.
435 1918 494 1990 em
511 1924 545 1981 et
568 1918 683 2003 quibus
708 1918 842 1984 absente
866 1917 1019 2004 Corpore,
1038 1918 1116 1983 ibid.
1134 1940 1165 1984 n.
1186 1919 1237 1983 50.
1256 1920 1304 1983 bn
1322 1918 1418 1983 Missa

379 2005 420 2070 de
443 2004 564 2089 Requie
580 2007 613 2069 in
631 2005 681 2070 die
705 2014 736 2070 et
760 2027 818 2093 pro
844 2005 896 2070 die
919 2006 1025 2071 obitus
1049 2008 1161 2071 iterari
1178 2009 1281 2091 possit
1298 2008 1329 2071 in
1347 2006 1418 2091 plu·

377 2093 472 2158 ribus
494 2092 660 2169 Ecclesiis,
677 2094 807 2159 ibidem.
825 2094 929 2158 Missae
954 2095 1087 2178 private
1112 2094 1150 2158 de
1169 2094 1288 2178 Mequie
1305 2094 1420 2178 quibus

379 2180 494 2246 diebus
517 2182 762 2265 prohibeantur,
786 2181 863 2246 ibid.
889 2201 920 2245 n.
939 2181 991 2245 32.
1010 2183 1057 2245 bn
1082 2183 1123 2244 sit
1147 2181 1235 2245 licita
1261 2190 1419 2266 praesento

379 2268 524 2353 Corpore
547 2277 579 2334 et
603 2269 654 2334 die
678 2270 921 2344 anniversaria,
952 2268 1031 2333 ibid.
1057 2268 1139 2347 Quid
1164 2269 1358 2353 requiritur,
1384 2277 1419 2334 ut

378 2356 479 2422 Missa
501 2357 627 2442 privata
651 2356 690 2423 de
715 2357 836 2444 Requie
860 2357 1017 2422 celebrari
1049 2357 1152 2444 possit
1175 2358 1207 2421 in
1232 2357 1336 2421 aliena
1360 2354 1419 2421 Mc·

376 2445 488 2520 olesia,
504 2445 582 2510 ibid.
600 2444 669 2524 Qua
693 2446 773 2511 hora
797 2446 991 2511 celebranda
1009 2454 1058 2511 est
1075 2441 1173 2510 Missa
1191 2444 1418 2511 conventualis

378 2533 421 2598 de
446 2533 577 2618 Requie,
602 2534 711 2600 adnot.
737 2535 775 2598 bt
803 2533 917 2599 Qctob.
938 2554 968 2597 n.
994 2534 1038 2597 Mi
1063 2541 1095 2598 ct
1119 2535 1139 2598 b
1163 2535 1240 2598 Nor.
1266 2554 1297 2599 n.
1322 2533 1336 2598 1
1359 2533 1418 2598 sub

375 2620 485 2686 finem.
510 2621 590 2686 Vide
613 2621 872 2687 Annicersorium
895 2621 1122 2706 Defunctomnn
1146 2629 1178 2686 ct
1201 2620 1363 2706 Moeeqoioe.

329 2708 432 2774 Missa
456 2710 562 2774 votiva
586 2708 673 2795 quid,
691 2711 756 2775 cit
782 2730 811 2775 n.
831 2710 861 2774 7.
879 2707 955 2786 Quae
980 2718 1028 2773 est
1053 2729 1105 2774 res
1129 2710 1246 2792 gravis,
1264 2708 1304 2772 ob
1322 2727 1419 2793 quam

376 2796 546 2862 decantari
569 2797 667 2862 licoat
689 2798 819 2864 Missam
843 2798 982 2864 votivam
1006 2797 1195 2872 solemnem,
1213 2796 1289 2860 ibid.
1316 2794 1419 2874 Quan-

376 2884 419 2949 do
444 2884 513 2949 baec
537 2885 747 2971 permittitur,
771 2885 988 2970 ecquomodo
1013 2885 1193 2962 ordinatur,
1224 2885 1302 2951 ibid.
1330 2905 1362 2950 ιι.
1387 2885 1417 2950 8.

376 2973 428 3038 An
461 2971 526 3036 dici
562 2973 665 3058 possit
695 2975 765 3040 sine
807 2981 926 3049 cantu,
958 2974 1034 3039 ibid.
1071 2995 1102 3040 ιι.
1141 2975 1170 3039 7.
1206 2975 1254 3039 dn
1290 2971 1418 3059 quaudo

377 3059 478 3125 Missa
493 3061 598 3126 votiva
622 3081 681 3146 pro
706 3081 742 3127 re
766 3062 856 3146 gravi
880 3062 988 3127 iocum
1012 3081 1076 3127 non
1099 3062 1207 3138 babet,
1225 3062 1330 3127 Missae
1355 3060 1417 3127 diei

380 3148 457 3213 addi
474 3156 572 3234 queat
594 3149 683 3214 illius
705 3149 860 3226 Colieeta,
876 3149 954 3215 ibid.
972 3171 1003 3215 n.
1022 3152 1051 3215 d.
1071 3149 1153 3226 Quid
1177 3151 1363 3233 requiritur,
1384 3157 1420 3215 ut

378 3235 479 3301 Missa
495 3237 601 3301 votiva
625 3238 665 3302 de
688 3236 745 3302 SS.
764 3237 974 3303 sacramento
992 3239 1161 3302 occasione
1184 3238 1237 3300 Xb
1262 3237 1417 3301 horarum

377 3324 546 3390 decantari
570 3329 683 3411 possit,
707 3326 784 3390 ibid.
809 3347 840 3391 n.
866 3325 896 3390 9.
915 3323 1036 3402 Quibus
1061 3323 1174 3388 diebus
1198 3326 1416 3408 permittatur,

376 3411 457 3476 ibid.
483 3412 578 3478 Missa
607 3412 826 3478 anniversaria
849 3411 1109 3477 Consecrauonis
1141 3411 1313 3496 Episcopi,
1346 3410 1418 3476 vide

377 3500 649 3566 Annicersarinm.
674 3501 771 3566 Missa
793 3500 899 3565 votiva
923 3519 981 3584 pro
1006 3499 1140 3585 Sponsis
1169 3500 1202 3564 in
1226 3499 1418 3584 Nuptiarum

376 3587 604 3654 benedictione
628 3589 789 3674 quomodo
813 3587 991 3653 ordinanda
1016 3596 1047 3653 et
1071 3586 1198 3673 qnando
1231 3587 1415 3672 prohibita,

377 3675 458 3740 ibid.
483 3697 514 3742 n.
541 3677 593 3743 te.
617 3677 714 3742 Missa
746 3678 851 3742 votiva
879 3677 913 3740 B.
938 3676 978 3741 M.
1003 3675 1039 3740 V.
1065 3697 1082 3740 a
1106 3675 1301 3740 Crecuticnte
1334 3675 1415 3740 cele·

375 3764 526 3841 branda,
561 3764 633 3829 vide
658 3765 837 3830 Coecutic-cs.
863 3762 985 3843 Quibus
1022 3763 1134 3829 diebus
1164 3763 1268 3828 Missae
1303 3764 1417 3828 votivae

377 3851 530 3940 (praeter
558 3851 776 3939 praedictas),
807 3854 875 3918 sive
905 3872 977 3917 oum
1003 3861 1098 3917 cantu
1128 3853 1194 3916 sive
1225 3852 1294 3916 sine
1318 3859 1417 3917 cantu

404 3939 605 4017 robibentur,
621 3940 698 4007 ibid.
717 3961 747 4007 n.
766 3941 818 4007 45.
837 3944 884 4005 Αιι
910 3940 973 4006 dici
997 3941 1099 4025 possit
1123 3940 1222 4005 Missa
1245 3940 1352 4004 votiva
1378 3938 1416 4002 de

376 3961 539 4117 {empore
550 4038 583 4095 ct
596 4029 766 4118 Mystcriis,
783 4029 822 4096 de
840 4049 1042 4116 quocumque
1058 4027 1177 4096 Sancto
1195 4049 1233 4094 ac
1250 4027 1289 4093 de
1305 4027 1415 4101 Beato,
