3484 4875
534 494 710 542 macutum
727 494 814 542 vnum
829 496 966 543 ocvavau
983 492 1172 543 ascrrsvoms
1305 474 1370 547 999

374 594 409 663 6.
433 579 528 663 Feria
546 609 663 684 quarta
680 608 754 666 ante
771 600 855 667 diem
871 599 1023 667 Octavam
1041 602 1245 667 Ascensionis
1262 602 1295 667 in
1312 603 1394 671 liar·

326 685 475 771 prologiu
500 686 620 769 legitur
644 689 747 773 primo
771 690 843 753 loco
870 690 984 753 Octavo
1007 688 1210 764 Asceoriocis,
1236 690 1296 754 nisi
1320 711 1393 757 cras

326 779 428 855 gater
453 771 584 841 Festum
609 773 726 860 duplex
756 778 869 860 primae
900 784 956 841 aut
985 776 1134 841 secunde
1162 778 1298 853 classis,
1325 785 1392 844 tum

327 858 432 944 uippe
460 859 584 925 Octoooe
606 857 727 928 mentio
751 863 786 927 ut
808 863 949 929 secundo
973 862 1055 927 locu.
1080 863 1155 927 Haec
1179 864 1247 928 dies
1271 863 1392 931 Octava

326 952 358 1010 st
384 947 506 1030 duplex
528 949 645 1024 minus,
662 957 694 1014 et
717 957 870 1036 utrasque
892 951 1016 1015 obtinet
1031 946 1189 1036 Vesperas
1212 952 1392 1035 privilegia·

326 1050 384 1108 ns,
415 1032 555 1099 adeunt
579 1036 665 1121 ipsas
689 1057 753 1102 non
776 1037 870 1103 cedat
894 1045 1110 1123 praeterquam
1134 1038 1254 1123 duplici
1278 1041 1391 1124 primae

328 1126 366 1186 ut
391 1121 544 1187 secunde
568 1124 703 1198 classis;
728 1145 791 1209 quc
816 1125 847 1190 in
873 1145 950 1190 casu
974 1123 1101 1189 Octava
1125 1128 1390 1192 commemoratio

327 1225 480 1291 unquam
512 1210 682 1276 omittitur.
708 1211 801 1277 Rubr.
824 1223 895 1299 post
923 1211 1035 1276 Tabell.
1062 1214 1287 1276 concurrentiae
1316 1236 1346 1277 n.
1373 1214 1388 1278 1

328 1303 340 1360 t
363 1294 400 1360 2.
423 1295 474 1360 Ad
498 1298 619 1381 primas
642 1299 800 1385 Vesperas
823 1300 919 1385 hujus
943 1298 1070 1364 Octavae
1102 1303 1210 1364 omnia
1242 1300 1393 1367 dicuntur

327 1382 398 1447 vtin
416 1383 530 1466 primis
547 1384 697 1471 Vesperis
721 1385 818 1462 Festi,
835 1388 976 1471 itemque
1000 1385 1040 1451 ad
1057 1387 1217 1471 reliquum
1234 1385 1392 1464 Officium,

327 1476 436 1556 tracter
459 1468 649 1549 Lectiones,
677 1494 749 1559 quae
773 1474 834 1538 dtei
868 1472 995 1539 Octava
1024 1474 1170 1559 propriae
1188 1483 1273 1540 sunt.
1298 1474 1394 1541 llissa

327 1574 443 1641 [noque
467 1558 586 1643 legitur
609 1568 645 1625 ut
675 1564 706 1626 in
731 1560 837 1627 Festo.
862 1560 897 1627 Si
928 1560 1058 1625 Festum
1083 1560 1202 1625 incidat
1234 1563 1392 1647 simplex,

327 1642 384 1730 rjus
408 1645 517 1729 agitur
539 1651 826 1725 commemoratio,
859 1656 892 1713 et
915 1649 1071 1713 recitatur
1095 1669 1178 1714 nona
1202 1648 1333 1726 Lectio,
1366 1651 1394 1715 si

327 1734 448 1819 tropria
480 1742 575 1801 extet.
603 1736 640 1802 ln
670 1737 820 1803 secundis
851 1735 1001 1821 Vesperis
1035 1739 1297 1802 commemoratio
1329 1756 1393 1802 non

327 1818 358 1885 tt.
375 1818 477 1886 Feriae
494 1831 592 1889 sextae
616 1826 790 1910 sequentis.
809 1824 905 1890 thbr.
929 1822 1032 1889 11181
1058 1823 1185 1890 demum
1210 1826 1241 1889 in
1258 1824 1319 1890 bac
1343 1823 1394 1890 die

327 1903 437 1974 lctava
455 1910 586 1977 Festum
602 1914 781 1979 occurrerit
798 1913 915 1998 duplex
940 1912 1052 1998 primae
1069 1922 1124 1978 aut
1140 1911 1289 1979 secunde
1314 1913 1394 1978 clas·

327 1994 372 2072 vis,
391 1996 486 2063 istius
511 1998 655 2066 Officium
679 2000 898 2087 peragendum
923 2008 973 2065 est
988 2019 1061 2065 cum
1086 2002 1393 2066 commemoratione

328 2080 380 2148 liei
396 2083 524 2151 Octavae
547 2088 580 2153 in
604 2090 748 2173 utrisque
765 2089 925 2173 vesperis,
943 2087 1104 2152 Laudibus
1129 2095 1160 2152 et
1183 2087 1278 2152 llissa
1295 2088 1393 2152 etiam

328 2170 464 2239 tolemni.
490 2174 586 2241 liuba.
612 2177 656 2241 tit.
682 2178 724 2241 lO
747 2199 777 2242 o.
802 2176 822 2241 1
847 2186 876 2240 et
899 2175 930 2239 S.
956 2175 992 2239 11.
1020 2172 1052 2238 C.
1077 2172 1220 2240 9911103.
1248 2175 1333 2239 1656
1361 2179 1394 2239 io

328 2275 380 2323 tou
406 2260 555 2347 Conpreq.
578 2263 826 2329 Bornobt'tcrum
849 2263 891 2328 cd
916 2264 945 2326 5.
974 2262 1086 2347 Corvscr
1109 2261 1204 2325 etiam
1228 2282 1253 2325 c.
1272 2261 1291 2326 6
1313 2261 1393 2327 cO.

383 2346 413 2412 7.
439 2348 531 2413 Feria
553 2360 642 2416 sexta
665 2359 698 2417 et
714 2352 855 2417 Sabbata
880 2357 955 2435 post
978 2348 1060 2414 hanc
1079 2348 1231 2414 Octavam
1248 2346 1394 2415 Officium

328 2440 367 2500 tat
388 2435 598 2523 semiduplex,
621 2460 659 2507 ac
684 2442 877 2526 persolvitur
901 2439 985 2503 sicut
1007 2436 1090 2502 inira
1107 2434 1259 2502 Octavam
1279 2437 1395 2502 bscen·
1444 2497 1452 2512 ,

328 2522 425 2599 ionis,
449 2525 588 2610 demptis
612 2527 826 2603 Lectionibus,
851 2546 922 2611 quac
946 2526 1086 2609 propriae
1112 2532 1309 2609 suppetunt,
1333 2544 1394 2590 vvcc

328 2627 380 2674 ron
403 2613 423 2676 9
448 2611 491 2696 td,
507 2614 674 2701 Capitulis,
690 2615 882 2701 Antiphonis
899 2612 940 2677 ad
955 2611 1141 2677 Benedictus
1166 2621 1198 2676 et
1213 2611 1394 2697 Mcpeifieut

329 2713 356 2762 tc
378 2698 552 2777 Oratione,
583 2722 653 2787 quae
678 2705 798 2788 petitur
821 2724 838 2767 e
863 2701 1028 2765 {lominica
1052 2698 1263 2784 precedenti,
1292 2718 1395 2784 neque

329 2783 434 2852 Preces
451 2787 647 2872 adjiciuntur
671 2791 710 2855 ad
735 2791 877 2856 Primam
901 2796 933 2853 et
950 2787 1213 2872 Complatorinm
1231 2805 1334 2870 neque
1357 2786 1393 2852 iit

329 2878 582 2941 tummemoratiu
611 2876 733 2943 Crucis.
760 2878 853 2942 liubr.
879 2876 911 2940 in
937 2876 1001 2940 Oct.
1027 2874 1227 2940 decessionis.
1253 2874 1311 2939 Ubi
1335 2873 1393 2938 Fe·

329 2967 403 3026 stum
427 2962 564 3048 simplex
587 2965 746 3040 inciderit,
771 2966 877 3030 locum
901 2963 998 3028 babet
1022 2984 1105 3028 nona
1130 2963 1199 3048 eJus
1223 2961 1343 3037 Lectio,
1367 2962 1394 3026 31
1442 2977 1446 2985 ·

329 3052 449 3135 propria
473 3051 575 3128 adsit,
599 3052 731 3138 ejusque
756 3054 862 3136 agitur
887 3051 1175 3122 commemoratio,
1199 3069 1263 3115 nen
1289 3057 1395 3114 tamen

329 3136 354 3200 in
375 3139 470 3203 llissa
494 3136 626 3205 Sabbati
650 3141 815 3217 antedicti,
832 3147 945 3223 utpote
970 3158 1040 3223 quat
1065 3139 1192 3202 unicam
1210 3136 1396 3201 Orationem

329 3223 469 3290 admittit.
503 3227 630 3313 Perlepe
659 3251 685 3294 c.
717 3229 736 3294 6
767 3250 797 3293 a.
824 3227 877 3292 14.
903 3226 1042 3303 Rursum
1074 3226 1106 3289 in
1138 3223 1272 3309 praelata
1303 3222 1395 3288 Feria

330 3322 409 3378 texta
432 3313 567 3398 quodvis
590 3324 697 3400 potest
729 3315 888 3380 celebrari
912 3313 1041 3378 Festum
1072 3331 1184 3376 novem
1208 3311 1395 3375 Lectionum

332 3401 416 3466 ettam
439 3401 642 3489 semiduplex
665 3413 697 3470 et
722 3403 915 3469 translatum
945 3399 997 3485 (S.
1022 3399 1058 3463 R.
1087 3399 1118 3464 Ο.
1146 3397 1182 3463 11
1203 3398 1284 3482 Aac.
1309 3396 1391 3462 1691

334 3482 517 3554 daemona
541 3491 583 3555 cd
600 3490 673 3575 19),
699 3511 771 3558 oum
798 3489 1103 3556 commemoratione
1126 3483 1257 3571 (verum
1275 3484 1396 3568 absque

336 3588 403 3640 noua
425 3576 577 3643 Lectione
601 3578 640 3644 de
665 3579 815 3654 bomilia,
840 3584 873 3642 et
895 3577 963 3641 sine
987 3574 1055 3660 ejus
1081 3572 1252 3654 Evangelio
1276 3571 1309 3635 in
1333 3571 1396 3636 fine

336 3652 451 3751 lisso)
476 3664 619 3749 ejusdem
643 3667 744 3732 Ferim
767 3687 808 3730 ec
830 3663 993 3730 Dominicc
1013 3659 1205 3749 praecedenti
1227 3660 1258 3723 in
1284 3657 1396 3723 Laudi·

336 3739 384 3814 lus
412 3761 442 3816 et
471 3753 588 3828 llissa;
619 3755 681 3820 nisi
711 3754 842 3818 Festum
867 3750 946 3815 illud
978 3751 1020 3814 sit
1052 3748 1168 3832 duplex
1197 3747 1309 3832 primm
1341 3753 1397 3811 aut

335 3840 468 3905 secunao
492 3841 617 3917 classis,
640 3849 708 3906 tum
732 3842 849 3925 quippe
873 3838 912 3902 de
936 3837 1029 3902 Feria
1054 3836 1131 3900 nilril
1157 3853 1290 3918 prorsus
1315 3833 1398 3899 iuret

334 3927 491 4002 agendum.
517 3926 612 3994 Rubr.
636 3927 682 3993 toi
709 3937 738 3992 el
766 3926 869 4016 pecul.
894 3948 925 3989 o.
952 3923 992 3990 59
1025 3944 1062 3987 uc
1093 3923 1125 3988 S.
1150 3922 1186 3987 ll.
1215 3921 1246 3987 θ.
1272 3923 1293 3986 4
1316 3921 1394 4008 Ape.

334 4000 411 4078 llOb
428 4016 459 4079 ie
475 4014 601 4104 apaten.
618 4015 660 4080 od
675 4015 706 4081 6.
723 4015 795 4080 Jam
818 4032 894 4079 vero
912 4012 966 4078 ubi
983 4009 1130 4077 Officium
1146 4009 1278 4095 hujusce
1295 4007 1395 4074 Feriae
