3484 4875
580 504 753 551 moranni
769 505 799 550 ru
814 503 1016 552 unnuoulmm
1031 504 1167 552 nxconcn
1320 487 1382 557 251

343 613 442 678 cereis
467 613 702 700 persolvuntur.
726 612 803 678 Post
824 610 948 678 Nonam
971 612 1006 677 tit
1028 611 1207 680 benedictio
1231 613 1302 679 novi
1325 614 1407 700 ignis

341 711 372 767 et
394 702 534 787 quinque
557 720 730 787 granorum
754 700 881 778 thuris,
906 703 938 766 in
961 722 1023 787 qua
1046 702 1159 768 iisdem
1182 701 1334 770 utendum
1358 711 1408 770 est

341 791 442 855 sacris
460 790 653 856 indumentis
670 798 705 855 ut
721 810 818 876 supra
833 788 876 876 (n.
892 790 922 876 5)
934 790 966 855 in
979 790 1198 856 benedictione
1214 790 1408 869 Palmarum,

340 879 395 944 scd
412 880 533 963 absque
546 879 726 965 blanipnlis
740 878 901 944 Carbones
916 878 1148 945 benedicendos
1166 878 1294 945 accendi
1309 883 1408 946 omni-

339 988 379 1033 no
403 988 485 1053 opus
508 976 558 1033 est
581 988 618 1033 ex
642 969 714 1052 igne
738 987 870 1034 excusso
895 966 934 1033 de
957 968 1061 1054 lapide
1084 968 1133 1054 (*).
1157 968 1252 1033 Rubr.
1276 967 1408 1035 Miosoiis

337 1056 409 1122 Sob.
434 1057 465 1121 S.
482 1093 526 1106 -
541 1055 705 1142 Completa
727 1056 962 1132 benedictione,
981 1053 1137 1123 lliaconus
1160 1057 1336 1124 Dalmatica
1361 1058 1406 1123 in·

340 1145 449 1211 duitur
465 1165 537 1212 cum
554 1144 643 1211 Stola
656 1152 688 1211 et
699 1145 858 1232 blanipulo
877 1144 941 1209 albi
961 1146 1088 1219 coloris;
1105 1145 1219 1231 quihus
1236 1153 1310 1230 post
1324 1147 1407 1211 Prae·

338 1236 466 1300 conium
491 1234 666 1320 depositis,
697 1235 795 1299 sumit
818 1234 934 1299 iterum
960 1234 1145 1299 indumenta
1173 1232 1324 1301 violacea.
1350 1234 1407 1301 Ubi

338 1324 425 1388 canit
447 1323 605 1388 Diaconos
620 1322 747 1387 Excitet
769 1323 801 1388 in
826 1322 951 1407 Pulpito
975 1324 1025 1387 vel
1043 1323 1081 1387 ad
1108 1322 1215 1407 hegilo
1239 1330 1304 1387 stat
1327 1321 1407 1389 secie

338 1432 492 1477 conversa
515 1411 555 1476 ad
579 1411 810 1488 Celebrantem,
828 1412 969 1497 itemque
994 1411 1214 1478 subdiaconus
1239 1431 1311 1477 curn
1327 1411 1406 1477 Aoo·

336 1500 445 1587 lythis.
463 1500 601 1565 Marcius
620 1499 693 1587 pli
717 1500 760 1565 tit.
781 1500 821 1565 lt)
843 1523 876 1565 o.
893 1501 947 1566 et.
973 1499 1006 1566 Si
1031 1499 1131 1566 Sedes
1155 1499 1340 1585 Apostolica
1356 1502 1407 1567 vel

337 1589 536 1676 Episcopolis
560 1596 661 1664 vacet,
678 1589 709 1653 in
725 1588 890 1655 Praeconio
915 1589 1108 1655 omittuntur
1131 1589 1226 1654 verba
1247 1586 1313 1653 Uno
1337 1610 1408 1654 cum

338 1678 510 1743 beatissimo
535 1677 623 1765 Papo
647 1688 761 1754 nostro,
784 1679 833 1744 vel
857 1687 888 1743 et
910 1678 1050 1743 Antistite
1072 1687 1187 1743 nostro.
1214 1675 1325 1756 Quoad
1347 1676 1408 1744 Im·

338 1775 520 1854 peratorem
544 1766 760 1832 Romanorum
783 1767 891 1833 recole
914 1765 998 1833 dicta
1022 1788 1052 1831 n.
1071 1767 1124 1833 lli.
1142 1766 1237 1851 Regis
1254 1786 1329 1831 vero
1353 1787 1407 1833 no-

337 1876 410 1921 men
434 1857 544 1942 nequit
567 1856 663 1921 inseri
687 1855 807 1941 absque
838 1857 993 1940 peculiari
1016 1854 1048 1920 S.
1066 1855 1159 1921 Sedis
1180 1856 1349 1941 permissu.
1373 1856 1405 1921 S.
1489 1868 1490 1871 ’

338 1944 373 2010 R.
401 1944 434 2011 C.
458 1944 501 2009 20
525 1942 618 2009 Mart.
637 1944 723 2009 tute
739 1942 771 2007 in
786 1965 850 2009 ooo
867 1945 1029 2030 coortosque
1045 1944 1173 2010 stotttoe.
1191 1944 1238 2009 nd
1255 1944 1407 2019 bibendae,

338 2053 409 2119 quae
433 2032 647 2119 duplicantur,
664 2032 828 2102 dumtaxat
845 2040 1010 2098 exuuntur
1027 2033 1177 2108 Planetae,
1200 2040 1231 2097 et
1248 2034 1332 2098 cerei
1347 2032 1407 2098 sub

338 2122 468 2188 illarum
485 2122 580 2187 finem
596 2120 825 2187 accenduntur.
840 2121 972 2187 bitania
988 2129 1061 2207 post
1077 2121 1187 2187 Fontis
1202 2121 1407 2207 Baptismalis

338 2209 615 2287 benedictionem,
648 2210 807 2296 Episcopo
832 2230 895 2277 non
918 2217 1087 2294 praesente,
1104 2209 1298 2275 inchoantur
1320 2209 1409 2293 juxta

339 2299 467 2366 blissale
489 2301 522 2366 in
546 2306 620 2366 actu
641 2298 796 2365 redeundi
818 2298 859 2364 ad
883 2299 1002 2365 Altare.
1019 2298 1050 2363 S.
1068 2299 1104 2364 ll.
1125 2298 1156 2363 Ο.
1174 2298 1193 2363 7
1217 2298 1300 2385 Sept.
1320 2297 1403 2363 llilil

338 2388 370 2453 io
391 2410 457 2454 coo
479 2389 510 2454 S.
533 2387 636 2454 Marci
658 2397 687 2454 ct
708 2387 899 2454 Bisioionc'n.
924 2386 966 2452 od
990 2387 1042 2452 ll.
1058 2423 1102 2435 -
1118 2384 1167 2453 nd
1189 2385 1318 2452 Missam
1342 2386 1409 2452 uni·

340 2498 411 2544 cam
427 2478 673 2544 Conventualem
695 2479 784 2543 color
806 2476 976 2542 adhibetur
999 2476 1102 2552 albus,
1120 2475 1239 2541 dicitur
1260 2476 1408 2541 Psalmus

339 2566 452 2633 dodico
483 2569 622 2652 itemque
650 2566 774 2632 Lavabo
804 2586 878 2632 cum
904 2565 1010 2630 Gloria
1041 2564 1139 2630 Petri.
1164 2564 1211 2629 Ad
1238 2564 1343 2629 Gloria
1375 2565 1407 2628 in

340 2655 467 2722 excelsis
498 2657 668 2740 pulsantur
690 2653 839 2740 Organa,
873 2660 905 2719 et
928 2653 1098 2755 Campanae
1125 2653 1209 2719 intra
1232 2652 1408 2719 Ecclesiam

341 2743 389 2830 (in
415 2744 510 2810 Turri
534 2752 640 2810 autem
663 2751 737 2832 post
760 2743 870 2809 datum
894 2743 1020 2826 signum
1044 2743 1083 2808 ab
1102 2741 1241 2809 Ecclesia
1265 2740 1408 2828 majori);

341 2833 424 2899 lecta
448 2832 600 2919 Epistola,
617 2832 787 2899 celebrans
811 2852 925 2898 canere
948 2832 1060 2918 incipit
1082 2832 1237 2918 Allelejc;
1253 2829 1294 2898 ad
1311 2830 1410 2897 Evan-

341 2924 459 3006 gelium
485 2921 557 2989 tbus
582 2920 723 2987 defertur
746 2923 814 2987 sine
839 2922 1061 2998 luminaribus,
1079 2921 1237 2986 omittitur
1256 2919 1354 2986 Credo
1378 2927 1410 2985 et
1435 2946 1438 2952 ·

341 3011 557 3077 Offercorium.
589 3009 739 3076 Praelatio
763 3010 928 3076 Paschalis
959 3031 1031 3076 curn
1055 3009 1184 3076 vocibus
1214 3009 1250 3075 ln
1273 3009 1332 3074 dac
1352 3029 1408 3097 po·

340 3101 492 3166 tissimum
513 3099 631 3175 Nocte,
657 3098 923 3165 Comnmmccntes
947 3107 978 3166 et
1002 3099 1091 3165 lianc
1114 3098 1210 3185 ipitur
1237 3105 1312 3164 sunt
1335 3116 1408 3184 prq-

341 3192 410 3275 pria
442 3188 504 3276 (**).
529 3187 597 3254 Non
628 3186 745 3255 dicitur
771 3189 877 3275 Apncs
906 3188 973 3290 Dei(
992 3208 1095 3274 neque
1126 3186 1220 3254 datur
1243 3206 1326 3272 pax,
1350 3205 1409 3252 nec

397 3535 432 3611 l‘)
453 3535 533 3598 ilatio
554 3534 616 3596 haec
636 3540 700 3594 est:
723 3529 791 3612 qnia
812 3527 1022 3608 concipiendus
1049 3537 1092 3589 cst
1114 3527 1187 3606 ignis
1208 3527 1355 3590 charitatis
1376 3527 1412 3589 de

341 3618 467 3689 Christo,
487 3616 535 3695 qui
567 3614 642 3694 lapis
662 3622 705 3673 est
738 3611 765 3670 in
787 3618 873 3688 caput
903 3608 1000 3686 anguli
1035 3611 1214 3683 (Honorius
1236 3611 1267 3667 in
1291 3609 1413 3669 Gemma

339 3701 388 3758 lid.
411 3700 429 3759 3
451 3716 477 3756 c.
502 3698 538 3756 to
550 3695 577 3768 ),
605 3703 665 3755 tum
694 3690 780 3751 etiarn
802 3688 871 3770 quia
901 3689 974 3766 ignis
997 3709 1013 3748 o
1035 3688 1115 3748 silice
1143 3687 1283 3749 excitatns
1306 3689 1411 3749 Cirr-isti

341 3774 595 3841 Resurrectionem
618 3769 779 3833 luculenter
793 3769 934 3846 designat,
949 3787 982 3829 ac
996 3769 1112 3828 demum
1134 3767 1201 3846 quia
1223 3767 1246 3827 si
1261 3786 1344 3828 secus
1366 3767 1415 3829 lie·

341 3867 395 3927 ret,
417 3854 630 3936 quodammodo
650 3852 829 3912 adimeretur
849 3847 1046 3926 expressionis
1069 3847 1175 3907 veritas
1196 3847 1332 3918 Orationi,
1348 3866 1413 3928 quae

339 3937 367 3999 iu
390 3934 589 3998 benedictione
610 3932 737 3993 declarat
759 3931 852 4006 ignem
878 3929 958 3989 illum
977 3930 1158 4004 productum
1179 3946 1193 3987 c
1214 3931 1306 3989 silice.

399 4015 447 4090 (“l
468 4019 499 4076 lo
514 4013 660 4085 Oratione,
675 4011 846 4072 Praelationc
868 4017 897 4070 et
918 4010 1174 4070 Communicomes
1193 4008 1298 4070 mentio
1312 4007 1414 4070 Noctis

344 4095 388 4170 lit,
402 4094 470 4176 quia
484 4094 569 4156 btissa
586 4093 647 4154 haec
661 4090 697 4152 ad
712 4100 824 4154 noctem
840 4088 972 4171 proxime
988 4087 1210 4170 subsequentem
1225 4096 1344 4168 spectat,
1356 4105 1413 4167 que
