3484 4875
366 474 432 540 278
612 491 788 539 innormat
803 493 833 538 ru
851 492 956 540 ruens
972 492 1163 540 nocarronnn

342 601 392 665 rio
410 607 553 683 ternpore
570 596 729 673 Pasobali,
746 618 803 684 per
818 597 1036 684 antiphonam
1060 598 1101 663 ad
1116 596 1270 686 Mopnipcot
1281 623 1291 651 ι
1303 592 1342 681 lpo
1378 611 1389 670 ζ»

342 688 424 752 enim
448 685 564 761 Potor,
599 693 631 750 et
665 683 849 750 Orationem
885 686 1061 751 Dominicae
1089 686 1344 771 praecedentium
1390 708 1395 740 r

343 774 648 841 commemoratione
683 772 806 839 Crucis,
830 773 889 838 Ubi
924 794 1000 839 vcro
1035 774 1168 839 Festum
1200 771 1352 858 sinplern'
1383 818 1385 829 ,

342 871 471 948 quatur,
494 881 514 927 a
536 861 683 946 Capitulo
708 863 815 944 agitur
840 861 879 926 de
902 862 997 927 Festo
1022 882 1095 927 curn
1116 858 1349 927 commemoratione
1381 874 1395 916 a

344 951 456 1017 Crucis
480 957 616 1014 tanturn.
641 948 737 1014 Robr.
761 949 793 1012 io
817 949 876 1013 boc
899 948 1009 1015 Feria,
1030 949 1064 1014 Si
1089 952 1122 1015 in
1155 949 1241 1015 Feria
1265 942 1356 1013 secundo·
1384 987 1388 1003 ,

345 1039 561 1122 Rogationunr
585 1036 766 1102 celebretur
789 1036 920 1102 Festum
945 1058 1059 1108 novem
1082 1038 1259 1103 Lectionum
1272 1036 1306 1099 rel
1316 1033 1356 1097 litt
1383 1053 1395 1113 o

343 1125 428 1191 inira
452 1126 625 1200 Octavam,
649 1131 684 1189 ut
708 1144 828 1210 snpra,
852 1125 1021 1191 Lectiones
1046 1127 1143 1211 primi
1166 1118 1363 1198 Nocturnum
1385 1138 1389 1173 5

343 1214 450 1279 desint
472 1213 634 1299 propriae,
659 1221 830 1277 sumuntur
854 1213 894 1276 de
918 1213 1107 1287 Communi;
1134 1215 1160 1278 si
1185 1235 1253 1279 vero
1279 1204 1358 1275 diesb
1389 1257 1395 1291 s

343 1311 435 1367 ctava
471 1301 674 1375 celebretur,
704 1301 768 1365 illae
797 1309 987 1385 repetuntur
1022 1321 1093 1386 quae
1117 1304 1209 1368 lectae
1231 1295 1361 1365 lueruntin

344 1390 452 1466 Festo,
476 1388 537 1453 nisi
562 1385 645 1453 sorte
669 1388 781 1473 reponi
805 1408 937 1453 necesse
954 1390 997 1453 sit
1012 1389 1141 1453 initium
1160 1389 1313 1475 Scriptura
1326 1383 1362 1449 bo

343 1478 470 1543 minieae
488 1475 721 1561 pr·aecedentis;
739 1483 815 1541 tunc
832 1478 917 1541 enirn
935 1477 1019 1541 istud
1036 1475 1120 1542 loret
1136 1478 1301 1563 legendum,
1314 1472 1367 1538 dun

344 1565 441 1631 modo
476 1562 621 1629 Officium
658 1564 743 1649 quod
778 1566 973 1650 persolvitur
996 1565 1166 1630 Lectiones
1202 1566 1239 1631 de
1271 1572 1375 1647 tenpore·

345 1653 505 1719 admittat.
532 1649 661 1715 Consule
685 1673 757 1737 quoe
779 1652 982 1739 exposuimus
1005 1653 1037 1717 in
1053 1653 1138 1718 diem
1155 1654 1197 1719 FO
1214 1650 1315 1741 Aprilis
1326 1671 1345 1712 n.
1355 1645 1370 1711 l.

410 1741 442 1804 2.
466 1737 583 1803 Tribus
608 1738 719 1804 diebus
737 1738 949 1823 Rogationum
968 1742 1077 1824 gravis
1093 1742 1246 1824 obligatio
1262 1732 1378 1804 redum

343 1822 486 1892 Litanias
510 1828 703 1893 Sanctorum
727 1827 900 1912 obstringit
924 1848 1035 1903 ornnes
1059 1838 1220 1914 quotquot
1249 1827 1285 1892 ad
1308 1826 1375 1890 lloru

298 1920 300 1923 ⁴
345 1915 522 1981 Canonicas
547 1921 705 1980 tenentur.
731 1913 822 1994 erod
846 1915 887 1980 ad
912 1915 969 1981 has
1005 1918 1148 1982 bitanias
1182 1924 1317 2004 spectat,
1341 1917 1383 1977 nu?

343 2022 408 2067 non
433 2003 473 2068 ad
497 2003 752 2079 Processionem,
776 2003 910 2089 ejusque
933 2004 1075 2079 Missam,
1100 2006 1209 2071 recole
1231 2003 1308 2091 quod
1326 2017 1384 2087 pre·=

345 2095 529 2158 monuimus
554 2090 613 2156 sub
638 2089 689 2155 die
712 2091 754 2155 25
778 2092 900 2176 Aprilis
924 2113 954 2156 n.
981 2092 1055 2157 Vet
1073 2113 1174 2179 seqq,
1193 2114 1230 2157 ao
1246 2091 1319 2157 inira
1336 2084 1386 2153 ul*-

344 2187 377 2244 ct
397 2199 486 2264 seqq.
504 2179 553 2266 (ἢ.
571 2178 605 2241 Si
622 2179 654 2243 in
672 2178 772 2244 Feriis
789 2179 1003 2263 Rogationum
1026 2180 1158 2247 Festum
1176 2182 1288 2267 duplex
1303 2197 1348 2261 aga

346 2275 403 2333 aut
426 2268 626 2351 semiduplcx
650 2275 705 2331 aut
728 2267 797 2331 dies
821 2266 963 2342 Octava,
987 2269 1020 2334 in
1044 2268 1200 2335 Ecclesiis
1225 2261 1395 2332 Oatbedralid

344 2353 406 2420 bus
430 2364 490 2421 etc.
508 2356 591 2420 binae
607 2354 813 2420 celebrantur
828 2356 932 2421 Missae
950 2355 1196 2422 Conventuales
1214 2356 1317 2421 Recolo
1330 2346 1389 2440 quob

346 2443 542 2509 declaratum
565 2453 609 2507 est
632 2463 657 2507 o.
683 2444 702 2508 O
726 2466 756 2508 n.
781 2445 801 2509 ἓ
826 2454 855 2508 ct
882 2466 964 2531 seqq.
997 2445 1125 2512 dlicubi
1157 2447 1191 2511 in
1223 2446 1281 2510 buc
1311 2440 1385 2508 triduo

348 2540 443 2616 urget
466 2532 668 2597 abstinentiae
691 2532 743 2596 lex
766 2532 830 2597 imo
854 2552 929 2598 vcro
950 2532 1073 2618 jejunii.
1386 2540 1391 2567 '

412 2620 443 2685 5.
467 2620 560 2685 Feria
583 2620 679 2684 tertia
702 2619 917 2703 Rogationum
942 2629 991 2686 est
1014 2619 1107 2686 Feria
1131 2623 1247 2687 minor.
1265 2612 1385 2700 Ouarefl'

344 2706 476 2772 Festum
509 2709 606 2772 etiam
637 2708 774 2792 simplex
804 2709 836 2772 in
869 2709 959 2773 illam
992 2709 1112 2774 incidat
1145 2711 1195 2775 uel
1235 2709 1301 2774 dies
1330 2701 1389 2773 inin

344 2793 509 2870 Octavam,
534 2794 679 2860 Officium
704 2796 743 2860 de
766 2795 861 2862 Festo
887 2797 948 2860 erit
963 2797 1014 2862 rel
1031 2797 1070 2863 de
1087 2797 1139 2862 die
1155 2797 1240 2864 inira
1257 2796 1387 2864 octavam.

406 3081 442 3160 (⁹)
461 3083 644 3145 Nostratibus
665 3104 749 3146 nosse
766 3085 896 3164 proderit
917 3104 1042 3164 sequens
1058 3090 1228 3148 Decretum.
1253 3112 1266 3142 ‹
1293 3092 1316 3150 l.
1334 3090 1357 3148 ln
1369 3079 1392 3141 ῐΙ·

348 3162 383 3223 lis
404 3163 602 3223 conventibus
623 3164 652 3224 in
667 3165 773 3242 quibus
788 3166 951 3241 Religiosus
968 3165 1112 3226 Paroehus
1128 3167 1210 3227 solus
1227 3187 1292 3228 cum
1314 3162 1390 3246 popnlt

345 3241 456 3302 assistit
477 3243 661 3313 l‘ocessioni,
682 3243 807 3304 litanias
828 3244 967 3315 Ordinis,
989 3246 1033 3304 vel
1059 3245 1155 3320 potius
1176 3265 1342 3315 contorques
1357 3246 1391 3304 lb·

344 3321 442 3381 clesiae
464 3330 550 3382 erunt
572 3322 615 3382 rel
649 3323 798 3384 cantandae
820 3325 865 3384 vel
889 3323 1072 3384 recitandae?
1096 3357 1135 3368 -
1156 3327 1337 3387 Recitondot
1352 3334 1392 3383 εκ

344 3403 483 3462 litanias
504 3419 683 3462 communes.

404 3485 432 3541 ἢ.
456 3485 490 3541 Et
512 3489 654 3559 quatenus
676 3481 825 3542 cantandae
846 3482 891 3542 rel
916 3481 1072 3542 rocinndae
1094 3490 1180 3542 erunt
1203 3484 1320 3545 Litaniae
1338 3495 1391 3542 con·

344 3577 458 3632 munes,
480 3560 656 3620 satisfacitne
678 3579 740 3620 suae
760 3560 930 3637 obligationi
954 3561 1101 3621 Puroebns
1124 3562 1175 3621 bas
1199 3552 1394 3631 recitandum

343 3638 440 3715 potius
456 3648 590 3716 repetere
605 3639 693 3698 debet
707 3639 831 3699 Litonias
847 3639 992 3700 Ordinis?
1010 3671 1047 3682 -
1059 3640 1250 3716 affirmati-ue
1266 3637 1394 3717 satisfacit

404 3717 433 3776 3.
456 3720 487 3776 ln
509 3718 705 3779 corruentibus
736 3720 764 3777 in
795 3719 903 3794 quibus
935 3717 1072 3796 Religiosi
1102 3737 1206 3779 omncs
1229 3741 1265 3782 ex
1290 3709 1395 3781 laudabit

343 3796 555 3856 consuetudine
578 3796 813 3857 Processionibus
837 3797 995 3868 intersunt,
1019 3797 1042 3857 si
1066 3799 1195 3876 populus
1223 3801 1344 3861 titanios
1360 3798 1395 3853 Or·

343 3872 420 3933 dinis
442 3874 532 3934 nollet
563 3875 704 3946 recitare,
724 3874 844 3936 debebit
864 3876 965 3936 eadem
988 3875 1133 3951 Religiosa
1167 3878 1281 3941 lambio
1303 3873 1395 3941 ntum

343 3950 463 4012 Ordinis
484 3954 530 4012 vel
554 3952 583 4013 in
605 3954 660 4013 alia
683 3952 880 4025 processione,
902 3955 948 4015 vel
970 3955 1000 4015 in
1023 3957 1118 4017 Chore
1140 3957 1295 4019 recitaret
1311 3986 1346 4003 -
1362 3949 1395 4013 tu

344 4034 441 4108 potine
465 4053 490 4088 ν.
512 4032 541 4092 S.
561 4034 595 4092 ll.
619 4035 650 4093 C.
671 4038 689 4097 8
711 4035 784 4111 Apr.
809 4037 888 4096 totu
910 4037 943 4095 in
963 4053 1026 4096 unu
1050 4036 1123 4096 Ord.
1145 4037 1223 4100 Min.
1248 4039 1359 4098 Obserc.
