3484 4875
1497 437 1501 510 l

446 516 489 583 m
644 531 737 580 creor
752 532 781 577 v.
799 530 838 577 nr
854 530 1032 578 orrrcronuu
1048 532 1271 579 coneonnunrrt

422 645 549 714 Christi.
573 662 643 729 quae
666 642 741 708 licet
764 640 828 706 sint
850 640 932 705 ritus
956 638 1092 725 duplicis
1116 642 1261 717 minoris,
1279 641 1502 732 nihilomiuus=

423 756 461 802 cx
483 732 646 822 privilegio
671 731 809 815 gaudent
831 728 964 814 integris
987 729 1157 816 Vesperis,
1182 732 1332 815 quamvis
1355 729 1502 806 concurri

422 832 496 891 rant
519 841 592 888 cum
614 817 723 886 Officio
747 820 826 884 ritus
850 816 986 904 duplicis
1009 819 1106 884 etiam
1131 819 1275 905 majoris.
1301 820 1396 888 uuor.
1416 817 1502 911 ports*

427 912 540 980 Taceo.
565 910 788 975 corrourrentiae
814 930 844 971 n.
870 906 885 971 l
913 916 942 971 rt
965 906 995 971 2.
1019 906 1075 973 His
1107 906 1311 994 adjungenda
1342 918 1391 976 est
1418 910 1470 977 dict

424 1002 542 1069 Octava
566 997 622 1065 SS.
646 997 811 1063 Trinitatis
843 994 920 1081 (ubi
952 994 1029 1081 tit),
1059 997 1108 1062 cui
1132 1017 1192 1083 par
1214 997 1414 1083 privilegium
1432 1008 1470 1066 est

301 1086 305 1092 ’
425 1091 624 1158 attributum.
647 1087 679 1152 S.
703 1086 739 1151 R.
767 1085 799 1151 C.
825 1083 865 1148 ld
893 1084 976 1173 Sept.
1003 1084 1089 1151 llo-t
1112 1086 1143 1149 ic
1173 1084 1357 1173 Majoriccn.
1381 1088 1468 1156 niun

426 1188 618 1246 autemnon
642 1176 760 1241 attollit
783 1170 916 1248 Octava,
941 1192 1064 1258 quaer
1088 1173 1211 1239 duobus
1236 1175 1413 1262 duplicibus
1431 1197 1467 1244 so·

426 1268 537 1335 eundae
561 1266 673 1331 classis
696 1282 792 1329 uuum
816 1261 963 1346 gaudeat,
981 1271 1088 1328 careat
1111 1259 1258 1329 alter‘nm.
1276 1264 1373 1331 ocor.
1385 1265 1462 1354 pecul

424 1382 453 1423 n.
480 1358 542 1423 l25
567 1364 595 1419 et
618 1354 649 1420 S.
673 1353 710 1418 R.
737 1351 769 1417 C.
794 1351 832 1415 tl
859 1348 929 1415 Jon.
955 1351 1040 1417 llltt
1071 1356 1102 1415 in
1131 1373 1194 1417 uno
1222 1352 1297 1418 Oret.
1329 1354 1361 1419 S.
1383 1356 1462 1441 dopt-
1497 1375 1503 1384 ’

427 1446 506 1513 stici'
519 1443 645 1511 Excute.
670 1441 712 1506 od
733 1440 764 1505 d.
1489 1487 1499 1496 -

490 1533 543 1600 ΙΙ.“
567 1531 699 1612 Quando
731 1527 915 1617 praecedens
947 1536 979 1594 et
1010 1528 1208 1615 subsequens
1240 1527 1385 1598 Officium
1412 1538 1461 1597 sut

425 1622 554 1711 quidem
576 1620 718 1707 ejusdem
741 1619 844 1693 ritus,
877 1618 932 1683 sed
957 1637 1020 1683 nou
1044 1618 1188 1704 ejusdem
1211 1619 1351 1697 classis,
1377 1638 1458 1707 neupr

425 1731 525 1780 unum
547 1709 586 1775 de
602 1708 696 1774 Festo
719 1708 883 1795 primario,
901 1707 1037 1773 alterum
1062 1707 1101 1772 de
1125 1707 1328 1785 secundario,
1346 1709 1459 1797 Vespero

425 1804 558 1885 integrae
581 1806 675 1864 erunt
697 1796 735 1863 de
751 1795 846 1862 l'esto
869 1796 1033 1883 primario,
1051 1795 1222 1862 dummodo
1240 1796 1338 1865 Festa
1362 1815 1462 1865 concur·
1500 1822 1504 1860 r

424 1892 527 1957 nentia
552 1888 616 1953 siut
638 1887 752 1953 saltem
777 1885 916 1972 duplicia
939 1884 1060 1970 majora
1084 1883 1250 1973 (exceptis
1274 1886 1381 1953 Festis
1402 1888 1464 1953 Gon
1497 1913 1499 1920 ·

424 1976 664 2048 memorationis
688 1974 720 2040 S.
743 1975 834 2039 Pauli
858 1981 890 2039 et
913 1973 961 2057 Ss.
987 1974 1181 2057 Angelorum
1205 1975 1402 2054 Custodum,
1425 1975 1464 2042 la·
1500 1986 1504 2000 ·’

424 2069 548 2155 phaelis
580 2073 612 2131 ct
643 2062 846 2149 Gabrielis);
878 2064 995 2149 quippe
1019 2083 1092 2128 cum
1115 2064 1154 2128 ab
1187 2063 1247 2129 lroc
1279 2073 1406 2132 tautum
1423 2066 1465 2131 rrlt

425 2159 557 2244 incipiat
579 2153 709 2220 labella
732 2153 963 2218 concurrentia
986 2150 1023 2215 de
1046 2150 1200 2237 dipcc'cri,
1224 2162 1258 2218 et
1281 2156 1350 2221 tale
1373 2157 1413 2225 sit
1430 2153 1465 2221 lr

427 2256 512 2315 stum
535 2244 723 2332 primarium
755 2262 821 2328 prae
851 2240 1040 2307 secundario
1065 2240 1295 2328 cujuscumque
1330 2242 1467 2330 dignita&

428 2337 607 2424 objectivae;
632 2333 716 2419 quia,
740 2340 775 2397 ut
798 2350 895 2416 sopra
919 2328 984 2394 cd
1007 2329 1075 2395 ud
1098 2330 1150 2395 ll.'
1168 2332 1394 2415 explicuimus,
1414 2329 1471 2400 illul

428 2435 476 2495 est
499 2424 611 2494 classis
635 2421 809 2510 superioris
833 2440 899 2508 pre
922 2419 983 2485 isto
1008 2416 1055 2507 (*).
1080 2419 1111 2485 S.
1130 2419 1166 2486 n.
1188 2419 1218 2486 C.
1246 2421 1287 2489 ld
1313 2424 1394 2514 Apr.
1411 2420 1470 2490 lttt

340 2821 342 2825 ,
486 2757 519 2831 (⁴)
533 2756 614 2832 Quod
631 2755 891 2836 impraesentiarum
906 2758 1021 2815 Festum
1037 2754 1218 2832 primarium,
1232 2773 1468 2823 concurreusrrn

428 2837 599 2899 secundario
619 2836 748 2917 ejusdem
776 2834 859 2905 ritus,
880 2833 1005 2910 integras
1026 2835 1154 2896 obtineat
1173 2840 1343 2915 vesperas,
1367 2833 1467 2922 qumis

427 2918 548 2977 alterum
576 2915 678 2994 insigni
700 2914 789 2992 magis
817 2913 955 2988 dignitate
976 2913 1102 2990 polleat,
1124 2916 1152 2977 id
1181 2917 1342 2981 novissimo
1370 2925 1469 3001 (pretet

429 2997 508 3071 ulia)
530 2995 671 3056 evincitur
691 2999 813 3056 Decreto
835 2994 892 3055 diei
915 2997 954 3056 26
976 2994 1070 3055 llartii
1095 2999 1171 3059 tote
1194 2999 1222 3058 iu
1240 3016 1310 3058 «uua
1335 3004 1471 3078 congreto·

428 3076 512 3136 tionis
535 3076 705 3136 Scholarum
727 3075 840 3153 piarum
862 3073 898 3134 ad
922 3077 947 3134 t.
968 3073 1047 3134 lstud
1068 3075 1145 3137 enirn
1168 3080 1250 3137 Festo
1280 3078 1421 3156 primario
1437 3074 1472 3137 ti·

429 3156 569 3216 sitationis
589 3159 620 3216 Β.
643 3160 682 3217 Μ.
697 3158 731 3215 V.
753 3152 935 3216 concurrenti
958 3172 1023 3215 curn
1045 3155 1223 3216 secundariis
1243 3160 1293 3218 88.
1310 3160 1473 3221 Cordislest

428 3243 456 3298 et
475 3235 677 3297 Pretiosissimi
701 3234 853 3313 Sanguinis
876 3235 1013 3296 ortt
1036 3238 1067 3297 C.
1088 3234 1217 3314 ejusdem
1247 3240 1342 3312 ritus,
1376 3239 1475 3316 interro

427 3317 557 3378 decernit
578 3320 742 3396 Vesperes;
764 3324 792 3375 et
813 3315 890 3394 quod
913 3315 1036 3374 maxime
1057 3317 1161 3390 relert,
1184 3316 1312 3378 declarat
1334 3338 1393 3380 non
1412 3313 1475 3378 ruodo

428 3398 509 3476 juxta
531 3401 651 3458 Decreta
673 3396 701 3456 id
724 3395 918 3476 prestandum
940 3412 1023 3468 esse,
1045 3414 1146 3456 verum
1168 3397 1253 3458 etiam
1269 3397 1369 3472 juxto
1387 3396 1475 3459 liodri-

428 3498 490 3539 cos.
521 3478 605 3540 llisce
627 3477 724 3538 uerbis
745 3481 772 3536 S·
795 3478 828 3536 ll.
850 3479 882 3536 C.
904 3474 997 3553 palam
1027 3475 1094 3536 lacit
1121 3479 1202 3536 Festa
1231 3479 1372 3555 primaria
1401 3487 1426 3539 et
1443 3492 1475 3536 sc·

429 3558 565 3620 cundaria
587 3576 642 3618 non
664 3557 742 3636 paris
763 3554 951 3615 solemnitatis
970 3573 1021 3615 sec
1044 3557 1173 3637 ejusdem
1196 3556 1297 3617 classis
1318 3554 1476 3620 indiscrimi-

430 3637 517 3698 natim
533 3656 596 3698 esse
616 3637 769 3708 censendo,
783 3634 833 3694 sed
849 3634 897 3694 illa
919 3633 1036 3713 quidem
1059 3633 1157 3697 classis
1180 3637 1356 3700 subalternae
1370 3636 1479 3717 superio

433 3718 484 3786 ris,
499 3718 560 3776 hacc
580 3735 649 3778 roro
664 3715 826 3789 interioris3
841 3734 904 3775 earu
926 3714 963 3775 ob
987 3734 1047 3776 rem
1063 3715 1145 3776 sicuti
1168 3717 1206 3776 nil
1223 3718 1360 3796 penditur
1375 3717 1479 3795 dignitas

430 3813 495 3856 cum
510 3800 591 3856 Festa
606 3815 660 3857 non
683 3796 783 3857 eodem
799 3798 855 3856 ritu
878 3795 1010 3872 gaudent,
1025 3795 1067 3856 sie
1090 3795 1167 3856 illam
1183 3796 1478 3877 nequeattendeodan

432 3893 496 3935 esse
523 3893 589 3935 curn
610 3876 639 3936 iu
659 3877 761 3937 eodem
784 3875 840 3938 ritu
869 3893 925 3937 non
947 3876 982 3935 ad
1003 3875 1134 3936 eamdem
1163 3877 1283 3938 classem
1306 3886 1442 3956 spectant.
1459 3871 1480 3933 Si

432 3956 471 4016 ita
493 3973 523 4016 se
545 3973 591 4014 res
613 3973 668 4016 non
690 3956 819 4028 traheret,
840 3974 913 4016 anne
935 3973 1059 4035 {coquom
1082 3960 1111 4016 S.
1127 3959 1160 4017 R.
1177 3961 1206 4017 C.
1222 3957 1377 4032 docuisset,
1391 3958 1418 4019 in
1437 3954 1481 4016 ritu
1505 3968 1508 4015 ἱ

432 4035 494 4114 pari
523 4035 718 4113 praelationem
740 4039 823 4097 Festo
844 4040 875 4097 B.
898 4039 934 4097 ll.
958 4037 1037 4114 Virg.
1059 4054 1147 4113 supra
1168 4039 1249 4097 Festa
1272 4037 1388 4100 Domini
1403 4037 1482 4116 Jcero

436 4117 584 4178 liutricus
604 4115 691 4179 tribui
713 4123 856 4195 oportere,
877 4134 942 4178 cum
965 4115 1026 4178 istre
1047 4117 1111 4191 (tit.
1131 4115 1177 4177 Xl
1195 4135 1222 4177 n.
1244 4120 1284 4194 2)
1306 4126 1404 4198 aperte
1423 4129 1483 4198 pm
1505 4098 1508 4183 i
