3484 4875
720 610 1035 681 ADNOTATIONES

631 768 688 835 ln
716 768 890 834 Festo
920 763 1121 834 Martii

340 983 413 1050 Dies
435 980 548 1046 Mensis
572 980 601 1044 l.
619 1014 662 1027 -
686 978 709 1043 l.
733 978 814 1043 Ante
838 976 1125 1062 Quadragesimam
1151 976 1252 1063 prima
1271 974 1311 1041 die
1326 991 1364 1038 uu

389 1069 551 1220 impedita8
567 1067 685 1219 ‹lieit2ur
708 1065 854 1132 Officium
878 1065 1123 1136 Ilelunetorum.
1151 1065 1226 1131 Vide
1247 1087 1269 1130 r.
1289 1064 1304 1127 l
1321 1061 1365 1126 ut

385 1168 414 1223 et
437 1179 472 1222 eo
498 1208 506 1221 .
576 1178 606 1220 n.
628 1217 635 1232 ,
658 1157 686 1219 5.
1250 1207 1257 1219 .

434 1179 576 1309 llpfloe
606 1262 717 1308 meuse
747 1242 833 1328 apud
864 1243 1040 1327 llegulares
1070 1242 1191 1327 legitur
1220 1243 1251 1306 iu
1281 1239 1370 1327 publia

383 1333 492 1399 Mensa
516 1332 686 1396 Decretum
712 1330 885 1396 Alexandri
901 1330 957 1396 Vll
980 1330 1065 1396 Licet
1089 1330 1170 1395 elius
1194 1349 1264 1396 eum
1279 1326 1371 1413 reliquls

388 1420 427 1486 ad
452 1420 484 1486 S.
510 1419 654 1485 Officium
680 1419 912 1504 spectantibus.

341 1512 372 1577 ἓ.
396 1546 443 1564 -,
463 1507 594 1586 Quoties
619 1507 749 1571 Festum
772 1507 804 1571 S.
822 1508 966 1573 llartinre
988 1505 1025 1571 V.
1043 1514 1076 1571 et
1098 1505 1139 1571 bl.
1160 1506 1346 1578 transfertur,
1359 1500 1375 1564 si

382 1599 527 1680 integras
550 1595 667 1661 babeat
691 1596 812 1682 primas
829 1596 999 1681 vesperas
1016 1595 1066 1660 vel
1090 1596 1208 1659 saltem
1225 1616 1242 1661 a
1259 1590 1376 1680 Capitale,

383 1686 526 1770 itemque
542 1684 595 1749 ubi
612 1683 761 1749 seeuurlae
778 1684 846 1770 ejus
861 1684 1012 1770 Vesperae
1028 1683 1093 1747 sint
1113 1684 1259 1765 integrae,
1273 1683 1377 1769 Hymnus

384 1773 531 1838 Martium
555 1772 668 1836 celebri
690 1772 880 1857 producitur
905 1793 1005 1858 usque
1028 1771 1067 1836 ad
1092 1772 1208 1855 eruerit
1229 1769 1379 1859 premet

386 1860 564 1926 absolvitur
588 1880 645 1947 per
669 1859 834 1945 stropham
857 1861 884 1926 A
913 1861 998 1925 nobis
1022 1860 1147 1945 ebreum
1165 1859 1206 1923 ad
1230 1859 1379 1925 llatutiuuu

384 1968 460 2014 uero
484 1948 629 2036 Hymnus
652 1947 722 2013 Non
752 1948 841 2012 illem
865 1947 984 2013 dicitur
1007 1968 1106 2033 usque
1136 1947 1177 2012 ad
1205 1946 1306 2014 finem.
1327 1944 1378 2009 Cure

387 2056 484 2123 porro
508 2038 639 2102 minime
664 2034 871 2113 transfertur,
895 2038 1038 2124 Hymnus
1062 2035 1278 2120 Vesperarum
1300 2033 1378 2118 adjuu·

385 2126 473 2209 gitur
503 2124 628 2212 Hymuo
652 2124 796 2189 Matutini
829 2125 890 2190 sub
914 2127 1009 2193 uuiea
1041 2125 1249 2189 conclusione
1272 2125 1297 2188 Α
1324 2116 1379 2185 nobb

384 2213 491 2298 abique
521 2221 582 2278 ete.
606 2214 638 2277 S.
663 2212 700 2276 R.
728 2211 760 2277 0.
786 2212 827 2277 lu
857 2212 1043 2278 Nouium
1070 2213 1103 2276 iu
1130 2202 1381 2277 tenebraesunt

384 2301 427 2366 ll
452 2312 481 2365 et
505 2300 716 2366 Rubrenses?
737 2299 852 2365 Frene.
874 2300 964 2367 Breu.
982 2302 1062 2367 Unio
1085 2299 1156 2365 baee
1180 2300 1346 2373 conficitur,
1360 2300 1381 2360 ut

381 2388 526 2455 historiae
558 2388 637 2454 ordo
661 2397 817 2454 servetur.
840 2388 946 2456 Nihilo
979 2398 1086 2456 tamen
1111 2389 1218 2455 secius
1243 2396 1328 2474 putat
1345 2382 1381 2449 tu·

383 2479 523 2545 valerius
547 2477 564 2563 (
577 2490 617 2542 to.
643 2477 663 2542 2
688 2499 713 2541 e.
739 2478 780 2543 59
805 2477 834 2543 d.
859 2478 882 2542 4
904 2502 934 2544 u.
959 2476 1008 2561 ἓ)
1032 2476 1117 2543 baud
1152 2497 1318 2543 necessum
1338 2488 1382 2538 esse

382 2566 555 2651 praedictos
578 2565 722 2653 Hymnus
748 2567 840 2641 uniri,
865 2586 937 2632 eum
962 2566 1091 2631 Festum
1116 2564 1149 2630 S.
1168 2567 1310 2630 Martium
1330 2564 1381 2627 ire

384 2673 459 2737 gras
484 2654 608 2719 obtinet
631 2653 789 2718 secundas
812 2654 983 2740 vesperas,
1006 2654 1142 2739 ideoque
1166 2654 1322 2741 Hymnum
1341 2644 1380 2735 pri·

384 2761 512 2807 marum
535 2740 752 2826 Vesperarum
776 2742 906 2807 recitari
934 2763 1028 2828 posse
1053 2742 1093 2807 ad
1116 2741 1326 2815 Metaurum,
1344 2735 1383 2823 Ht-

383 2848 495 2893 muum
514 2830 658 2895 Matutini
683 2829 723 2893 ad
746 2828 882 2906 Laudes,
900 2851 936 2895 ae
960 2831 1119 2918 Hymnum
1142 2828 1289 2894 Laudum
1311 2825 1382 2892 adse

383 2916 506 2981 enudas
529 2916 699 3002 Vesperas.
722 2917 799 2982 lude
823 2925 912 3002 patet
933 2918 1007 3004 quid
1026 2919 1174 3004 prestari
1193 2918 1316 2992 debeat,
1335 2928 1384 2998 qut

385 3005 444 3068 ties
472 3011 539 3069 tres
569 3007 692 3091 proprii
715 3005 832 3070 adsunt
854 3007 969 3094 Hymni
991 3007 1081 3092 juxta
1104 3005 1252 3071 ordinem
1276 2999 1400 3070 historie¹

385 3093 523 3168 enarath
551 3113 626 3158 uam
650 3095 676 3159 si
701 3093 784 3159 desit
806 3094 949 3160 historiae
973 3096 1069 3171 ordo,
1093 3094 1191 3160 iidem
1216 3096 1311 3180 plene
1330 3085 1382 3156 reri·

383 3180 473 3245 tandi
490 3190 577 3257 suut,
600 3189 696 3266 prout
719 3181 883 3248 distributi
907 3184 1121 3269 reperiuntur,
1146 3203 1251 3268 neque
1275 3190 1382 3265 unqutu

383 3269 520 3356 alicujus
550 3271 652 3355 partis
683 3271 848 3336 emissioni
880 3291 938 3357 per
968 3273 1118 3337 unionem
1143 3279 1192 3336 est
1217 3267 1382 3356 prospieien-

383 3356 469 3423 dum.
488 3360 529 3424 At
553 3359 581 3423 si
604 3379 642 3423 ex
658 3358 791 3446 Hymnis
808 3359 873 3424 sint
889 3360 988 3444 aliqui
1013 3359 1162 3424 dissimili
1185 3367 1302 3434 metro,
1316 3356 1343 3421 iu
1359 3349 1383 3415 iis
1392 3376 1400 3459 1·

378 3445 551 3530 jungendis
581 3445 724 3532 ejusdem
755 3448 866 3523 metri,
891 3449 974 3512 ratio
1005 3447 1183 3523 habeatur,
1220 3446 1383 3536 illorumque

379 3534 455 3603 unio
472 3534 537 3610 fiat,
555 3535 631 3618 quin
649 3533 782 3599 historia
800 3536 1044 3610 interturbetur‚
1061 3536 1282 3620 pretermissa
1297 3532 1383 3619 bynu

381 3622 499 3706 prioris
523 3621 679 3698 olausula,
696 3623 728 3688 iu
752 3643 815 3708 qua
838 3624 992 3689 tribuitur
1008 3622 1159 3689 Trinitati
1181 3610 1382 3689 lanstanet

383 3707 488 3774 Gouel.
513 3709 533 3775 l.
559 3710 609 3775 eit.
633 3732 664 3776 u.
688 3711 709 3774 ἢ
733 3720 763 3775 et
786 3710 816 3776 t.
1398 3742 1400 3747 ·

336 3797 367 3861 d.
391 3831 436 3848 -
458 3794 492 3860 si
516 3797 611 3862 bodie
641 3805 792 3864 oeeurrat
815 3797 908 3865 Feria
941 3798 1082 3866 secunda
1106 3805 1180 3885 post
1211 3794 1380 3888 llomiuioeu

380 3882 555 3949 secundam
578 3883 850 3970 Quadragesimae‚
877 3887 1140 3954 Posteommunio
1164 3906 1224 3973 pro
1256 3884 1288 3951 S.
1310 3881 1378 3976 butt

380 3969 515 4054 legenda
539 3973 600 4037 erit
624 3993 662 4039 ex
685 3975 782 4040 llissa
798 3975 914 4041 Statuit
938 3976 977 4041 de
1001 3976 1113 4042 eodem
1131 3973 1307 4041 Communi.
1327 3959 1376 4032 Μ

379 4059 523 4148 roupertus
545 4060 704 4129 adnotato·
717 4063 750 4128 iu
774 4063 934 4152 Quadreq.
951 4086 980 4131 n.
1007 4065 1059 4132 lt.
1076 4064 1137 4132 Ubi
1161 4084 1236 4130 vero
1260 4054 1372 4130 Olbut'tffl
