3484 4875
434 466 500 536 466
753 484 845 531 mccx
859 484 1156 531 maunuorauumr

451 604 506 660 tur
530 592 569 658 40
592 591 760 658 Dominica
782 592 978 678 anticipata,
1001 591 1133 657 initium
1161 589 1306 667 babeat,
1329 588 1401 656 ibid.
1418 589 1461 655 libi

450 681 535 748 inira
558 679 799 746 Hebdomadam
835 681 1043 765 anticipatam
1074 680 1169 765 plura
1192 678 1293 744 initia
1324 676 1462 754 incidant,

449 769 527 855 qnid
543 768 774 853 praestandum,
789 767 866 833 ibid.
881 768 975 833 initia
990 766 1163 833 Librorum
1180 786 1286 833 sacrae
1302 764 1463 852 Scriptura,

449 878 509 923 nec
533 877 597 922 000
620 856 789 919 Lectiones
812 854 898 920 Initii
922 857 985 919 vim
1008 855 1177 929 babentes,
1202 875 1280 939 pag.
1306 854 1382 919 448.

405 945 500 1011 Initia
525 943 715 1009 Orationum
739 963 798 1026 pro
822 942 997 1009 Dominicis
1020 952 1095 1030 post
1119 943 1339 1029 Epiphaniam
1362 950 1393 1008 et
1411 942 1466 1005 Pen-

452 1040 609 1107 tecosten,
634 1051 708 1117 pag.
733 1030 809 1095 447.

406 1122 598 1186 innocentes
634 1118 709 1203 (Ss.)
733 1119 760 1181 si
784 1119 850 1183 sint
871 1117 1004 1183 Patroni
1027 1120 1079 1183 vei
1102 1116 1292 1195 Titulares,
1317 1117 1421 1184 adnot.
1438 1116 1467 1180 48

449 1208 524 1273 bec.
550 1230 580 1273 n.
606 1206 659 1271 111.
684 1204 789 1285 Quid,
813 1206 896 1269 siin
921 1207 999 1291 ipsis
1023 1214 1176 1272 occurrat
1198 1205 1337 1271 Festum
1361 1204 1468 1271 Itedica·

450 1297 547 1361 ticnis
569 1296 620 1360 vel
644 1295 776 1359 Patroni
800 1301 855 1358 aut
878 1293 1055 1371 Titnlaris‚
1084 1293 1162 1359 ibid.
1187 1314 1220 1358 0.
1252 1293 1306 1360 lv.
1337 1292 1434 1371 Quid,
1451 1293 1469 1354 si

451 1382 535 1449 inira
565 1384 695 1448 illorum
728 1380 881 1447 Octavam
912 1382 1094 1447 celebretur
1117 1383 1216 1447 Missa
1250 1381 1291 1447 40
1322 1380 1470 1447 Communi

454 1470 641 1546 Doctorum,
666 1469 774 1534 adnot.
799 1469 841 1534 50
866 1468 940 1534 beo.
965 1490 996 1535 0.
1020 1469 1086 1535 vlt.

407 1559 551 1625 inventio
575 1558 608 1624 S.
633 1559 744 1622 Crucis
761 1558 788 1621 si
813 1555 1027 1623 transferatur
1051 1564 1124 1643 post
1139 1557 1361 1623 Pentecosten
1385 1558 1428 1621 ret
1447 1557 1471 1619 ic

452 1646 538 1712 diem
562 1667 626 1711 non
650 1645 820 1711 habentem
845 1665 963 1710 nonam
984 1646 1168 1711 [tectionem
1192 1643 1234 1710 de
1258 1645 1396 1711 bomilia
1416 1654 1475 1716 etc..

452 1734 528 1820 quid
553 1735 640 1799 circa
672 1734 758 1798 iliius
789 1741 936 1797 octavam
959 1733 1143 1799 Lectionem
1168 1734 1211 1797 sit
1236 1733 1476 1817 perficiendum,

455 1822 566 1887 adnot.
592 1823 611 1885 5
637 1821 708 1906 Maji
734 1842 764 1885 0.
791 1821 828 1885 ΙΙ.
853 1820 932 1884 Vide
957 1820 1087 1906 4490000
1110 1821 1141 1885 S.
1169 1820 1291 1886 Crucis,

409 1907 635 1974 iuvitatorinm
653 1908 814 1993 quonaodo
831 1910 987 1973 recitatur
1003 1910 1034 1972 in
1051 1906 1173 1983 0444040,
1197 1917 1312 1973 annot.
1339 1910 1379 1973 de
1396 1919 1475 1991 temp.

452 1997 615 2062 Passionis
651 2018 681 2061 n.
708 1998 737 2060 5.
763 1995 896 2075 Quando
928 1995 1098 2062 dicendum
1122 1998 1154 2060 in
1178 1995 1293 2061 8444040
1319 1997 1476 2064 Defuncto·

453 2106 538 2161 rnm,
563 2106 590 2151 e.
617 2085 635 2150 7
662 2107 693 2150 n.
719 2084 750 2149 8.

409 2171 457 2239 lte
480 2174 577 2239 Missa
612 2181 662 2239 est
685 2171 812 2260 quando
836 2172 945 2239 locum
968 2172 1076 2248 habet,
1101 2192 1128 2237 c.
1154 2172 1172 2237 8
1198 2192 1233 2237 0.
1259 2172 1318 2238 84.

931 2348 968 2421 ,1

409 2528 580 2593 Januarins
603 2524 661 2613 (S.)
685 2525 742 2610 up.
767 2532 800 2589 et
822 2525 862 2590 M.
887 2523 942 2588 ubi
970 2532 1020 2590 est
1048 2524 1208 2590 Patronus
1233 2525 1286 2591 vel
1313 2525 1483 2599 Titularis,

453 2615 613 2701 quomodo
637 2615 706 2699 ejus
723 2611 870 2679 Officium
893 2612 1071 2689 ordinatur,
1088 2612 1197 2678 adnot.
1225 2614 1267 2679 49
1295 2613 1389 2700 Sept.
1405 2635 1435 2680 n.
1450 2612 1482 2676 ll.

409 2703 555 2769 Joacbim
578 2701 636 2789 (S.)
661 2702 801 2776 Festum,
826 2702 854 2767 si
878 2701 1082 2786 impediatur,
1099 2701 1131 2766 in
1154 2721 1254 2787 quam
1278 2702 1371 2768 diem
1394 2712 1485 2768 trans·

452 2790 631 2864 ferendum,
650 2789 759 2854 adnot.
778 2797 852 2874 post
868 2789 909 2853 45
926 2789 1020 2874 Aug,
1038 2798 1069 2855 et
1085 2808 1158 2874 pag.
1177 2789 1216 2856 64
1238 2791 1272 2854 40
1295 2799 1387 2856 nota.
1405 2788 1485 2869 Quid,

454 2877 559 2961 quoad
584 2885 729 2941 octavam
746 2877 1027 2962 ejus-Lectionem,
1044 2876 1120 2942 ibid.
1139 2877 1187 2942 An
1204 2878 1240 2942 in
1265 2879 1485 2945 concurrentia

453 2965 645 3050 praelatione
669 2965 819 3047 gaudeat,
845 2964 923 3030 ibid.

410 3052 552 3118 Joannes
577 3051 635 3136 (S.)
659 3054 770 3136 etpost.
796 3062 827 3118 et
859 3053 914 3117 Fv.
939 3053 966 3117 si
991 3053 1033 3118 sit
1055 3052 1215 3118 Patronus
1245 3055 1299 3119 vel
1333 3055 1485 3125 Titularis,

455 3139 565 3205 adnot.
589 3140 631 3204 87
657 3138 842 3206 liconii.
867 3139 960 3219 Quid,
985 3143 1011 3207 si
1034 3141 1068 3205 in
1092 3142 1161 3226 ipso
1186 3151 1348 3208 occurrat
1371 3144 1486 3209 Festum

455 3228 673 3293 Dedicationis
697 3229 747 3293 vcl
769 3228 922 3294 Titularis
939 3238 994 3295 aut
1010 3230 1153 3304 Patroni,
1170 3228 1249 3294 ibid.
1274 3251 1310 3296 n.
1336 3232 1391 3301 444.
1408 3228 1485 3310 Quid,

454 3317 481 3382 si
504 3315 588 3381 inira
612 3317 699 3381 illius
716 3315 870 3382 Octavam
888 3317 1080 3383 celebranda
1104 3318 1146 3382 sit
1162 3315 1264 3383 blissa
1288 3318 1337 3384 Os
1356 3321 1435 3406 justi
1453 3317 1484 3381 de

455 3405 623 3470 Communi
647 3403 735 3468 Cons.
761 3425 824 3468 000
849 3405 965 3481 Ρο04.,
989 3406 1039 3470 vel
1071 3404 1235 3490 Loquebor
1261 3406 1303 3471 de
1330 3405 1483 3474 Communi

455 3492 511 3558 Vv.
537 3500 569 3557 et
592 3493 678 3567 ttm,
703 3500 757 3557 aut
774 3492 825 3556 Me
848 3502 1091 3580 enpectaceruct
1114 3492 1154 3556 dc
1178 3492 1356 3561 Communi
1380 3496 1481 3578 diarty·

454 3581 511 3655 ris,
536 3580 643 3645 adnot.
669 3579 711 3645 50
736 3580 808 3644 Dec.
835 3601 866 3645 n.
891 3580 957 3645 vll.
981 3581 1072 3646 lilius
1107 3580 1241 3647 Festum
1266 3592 1347 3649 ante
1371 3591 1482 3670 portam

453 3668 601 3732 Latinam
624 3668 651 3732 si
676 3667 892 3735 transferatur
909 3676 983 3753 post
999 3669 1225 3745 Pentecosten,
1252 3670 1367 3738 adnot.
1391 3667 1482 3752 64404.

454 3775 485 3819 0.
510 3753 549 3828 44;
574 3757 600 3820 si
625 3757 657 3820 in
682 3755 777 3831 diem,
802 3776 874 3840 quae
897 3755 1014 3822 habeat
1037 3775 1155 3823 nonam
1178 3756 1374 3827 Lectionem
1390 3757 1482 3827 debo-

454 3841 543 3906 milia
567 3852 640 3919 ete,
664 3842 740 3908 ibid.
767 3864 797 3908 n.
821 3842 846 3907 1.

410 3930 550 3995 Joannes
573 3928 630 4015 (S.)
654 3930 808 4017 Baptista.
833 3930 955 4011 Quibus
972 3930 1062 3998 sestis
1086 3930 1261 4018 praeiertur
1278 3932 1412 4003 Festum
1432 3931 1480 3999 Fa·

453 4017 588 4087 tivitatis
611 4018 709 4097 illius,
733 4020 842 4087 adnot.
867 4019 910 4088 84
938 4021 1011 4088 Jun.
1036 4041 1067 4088 n.
1090 4020 1115 4086 1.
1141 4018 1237 4101 Quid,
1262 4025 1292 4091 si
1318 4021 1480 4094 incitatio
