3484 4875
507 530 603 577 cucur
619 531 647 576 v.
665 531 707 594 88,
719 530 898 576 orrrcronun
914 515 1147 577 concunnnnnu'
1290 513 1331 578 75

322 638 447 722 quitatis
470 636 604 721 insignis
628 638 677 702 rel
700 637 819 703 nullius
845 643 900 703 aut
916 658 980 703 non
996 637 1206 716 attendendae,
1230 646 1261 703 et
1285 659 1351 705 ma·
1398 633 1401 643 ’

322 748 353 791 tae
377 727 590 792 solemnitatis
614 725 757 813 (etiamsi
780 725 964 813 inaequalis)
988 727 1037 791 vel
1061 728 1191 803 nullius,
1218 735 1293 793 tunc
1318 749 1348 794 e-

322 836 347 881 n
370 816 521 902 Vespere
544 815 624 880 fiurrt
639 835 657 880 a
674 815 819 900 Capitulo
837 816 1039 901 desequenti
1062 836 1134 881 curn
1156 836 1349 882 commemo·

322 905 406 970 tione
431 904 651 990 praecedentis.
687 903 782 970 nour.
818 926 886 991 pen.
912 904 956 970 tit.
981 904 1027 968 Xl
1047 927 1075 969 o.
1100 905 1120 970 8
1145 914 1173 969 ct
1192 905 1295 993 peccel.
1320 930 1349 971 o.

323 994 354 1058 8.
381 993 609 1059 Verumtamen
627 994 654 1056 si
671 992 738 1058 haec
755 994 825 1080 ipsa
849 994 984 1079 aeqnalia
1006 990 1114 1059 Ollieia
1137 995 1201 1059 siut
1225 994 1349 1061 denno

322 1082 468 1168 lemque,
492 1091 569 1147 tunc
596 1082 744 1168 Vespere
772 1084 906 1167 integrao
930 1089 1068 1167 aguntur
1085 1082 1123 1147 dc
1147 1082 1350 1169 precedenti,

327 1192 345 1236 e
372 1172 677 1236 commemoratione
701 1172 874 1256 sequentis.
898 1169 930 1237 S.
955 1171 990 1235 ll.
1012 1170 1043 1236 Ο.
1060 1170 1103 1236 88
1119 1170 1184 1235 lot.
1210 1172 1294 1236 8888
1318 1172 1349 1236 ic

323 1283 386 1325 ren.
413 1271 443 1324 et
467 1260 507 1325 lli
531 1260 609 1347 Apr.
635 1258 719 1324 8855
744 1260 775 1323 io
797 1281 860 1324 uno
888 1259 961 1325 Ord.
978 1258 1088 1325 Minor.
1106 1260 1144 1324 dc
1163 1260 1283 1325 Obserc.
1309 1262 1350 1325 od

327 1349 369 1415 Ι8
393 1349 502 1433 ipsum
526 1348 692 1432 contingit,
716 1348 743 1413 si
767 1348 850 1414 binis
882 1356 937 1413 aut
959 1348 1105 1434 pluribus
1140 1348 1251 1414 diebus
1275 1370 1349 1414 eon-

323 1439 374 1504 uis
400 1436 548 1503 Officium
584 1436 743 1520 agendum
766 1439 808 1502 sit
831 1436 870 1502 de
895 1436 945 1501 dic
974 1435 1056 1523 inira
1080 1437 1224 1503 eamdem
1255 1436 1348 1503 Octa·

322 1548 357 1601 n;
384 1527 437 1592 vel
461 1527 488 1591 si
512 1525 603 1592 Feria
626 1527 722 1590 aliam
746 1525 960 1611 subsequatur
983 1526 1118 1602 Feriam,
1143 1536 1178 1592 ut
1194 1547 1224 1591 n.
1244 1527 1259 1591 8
1283 1528 1349 1613 jam

323 1617 447 1682 ximus.
473 1616 620 1681 Attamen
646 1615 672 1678 si
686 1614 814 1679 Festum
837 1615 1026 1701 primarium
1049 1622 1253 1681 concurreret
1278 1636 1350 1682 cum

326 1705 470 1771 andario
494 1704 638 1790 ejusdem
654 1702 773 1779 Sancti,
790 1703 939 1789 Vespere
952 1702 1060 1769 lorcnt
1076 1705 1208 1788 integrae
1227 1704 1264 1770 de
1288 1707 1350 1791 pri-

326 1796 379 1859 riu
398 1794 468 1859 sinc
485 1794 618 1857 alterius
636 1792 950 1868 commemoratione,
968 1794 1113 1877 quamvis
1130 1793 1224 1859 ambo
1242 1802 1351 1859 essent

322 1884 424 1969 plicia
441 1891 566 1947 tantum
582 1882 715 1947 minora.
734 1881 874 1947 Rursum
890 1882 917 1946 si
934 1879 1063 1946 Festum
1080 1882 1145 1946 sive
1163 1883 1351 1968 primarium

322 1993 340 2037 e
370 1970 600 2037 secundarium
631 1978 836 2036 concurreret
873 1990 946 2035 cum
981 1969 1031 2035 dle
1062 1969 1179 2036 Octava
1209 1971 1349 2057 ejusdem

322 2062 401 2136 ncti,
425 2060 575 2145 Vespere
599 2060 731 2144 integrm
749 2057 853 2124 forent
870 2058 909 2123 dc
925 2057 1020 2124 Festo
1037 2061 1105 2124 sine
1122 2080 1350 2126 commemora·

323 2170 368 2214 ne
392 2147 533 2224 Octavae,
550 2156 682 2233 excepta
706 2148 756 2212 die
773 2146 892 2213 Octava
908 2147 1059 2233 Corporis
1076 2146 1194 2213 Christi
1219 2170 1360 2214 concur-⁴

322 2247 368 2304 rte
393 2258 469 2303 cum
494 2236 588 2301 Festo
612 2235 668 2301 SS.
687 2236 799 2302 Cordis
822 2236 898 2302 Jesu
922 2236 981 2302 sub
1006 2238 1069 2302 ritu
1094 2236 1229 2323 duplicis
1253 2238 1350 2323 majo-

332 2376 341 2404 ,
372 2347 447 2413 qum
479 2327 630 2390 nimirum
662 2334 771 2410 utpote
795 2326 994 2411 privilegiata
1018 2325 1175 2410 Vesperas
1199 2325 1350 2391 adsciscit

322 2436 431 2502 egeas,
445 2415 513 2481 sine
526 2416 828 2480 commemoratione
842 2412 1027 2489 SS.Cordis‚
1040 2422 1075 2479 nt
1087 2432 1144 2480 suo
1158 2414 1227 2480 loco
1242 2414 1347 2480 decla-

322 2507 412 2572 ritur.
427 2503 630 2590 Quapropter
647 2505 792 2589 superior
807 2504 1008 2590 praescriptio
1023 2503 1128 2568 locum
1145 2503 1240 2568 habet
1253 2505 1349 2570 etiam

327 2593 456 2662 Officiis
474 2592 608 2668 Domini,
626 2592 680 2658 uhi
696 2613 754 2679 per
770 2594 824 2657 illa
841 2590 925 2656 idem
943 2591 1072 2656 Festum
1096 2593 1145 2656 vel
1161 2592 1348 2680 llysterium

322 2683 471 2756 curetur,
497 2680 763 2767 quemadmodum
788 2681 944 2765 contingit
961 2681 987 2745 si
1005 2680 1099 2746 ambo
1123 2681 1188 2746 sint
1211 2681 1250 2747 de
1273 2681 1347 2746 Pas-

322 2793 389 2847 ce,
414 2791 480 2835 ver.
507 2790 553 2853 gr.
579 2769 617 2834 de
640 2768 792 2836 Oratione
816 2772 848 2835 iu
873 2769 978 2835 Monte
1001 2768 1137 2845 oliveti,
1162 2770 1200 2836 de
1224 2770 1347 2837 Pretio-

322 2863 409 2926 simo
425 2859 600 2941 Sanguine,
624 2858 663 2924 de
686 2858 810 2924 Corona
834 2857 962 2944 Spirae,
979 2858 1018 2924 de
1042 2858 1097 2925 SS.
1123 2859 1261 2925 Sindone
1285 2868 1345 2925 etc.

322 2949 337 3012 ἵ.
362 2948 400 3013 li.
425 2948 457 3014 C.
485 2948 525 3011 88
560 2946 651 3013 Febr.
677 2948 762 3014 8858
786 2948 818 3012 ic
840 2947 936 3013 Alban
972 2948 1013 3012 od
1038 2947 1105 3034 5);
1130 2969 1192 3014 non
1216 2950 1292 3015 item
1318 2950 1344 3014 si

343 3035 469 3102 diversa
504 3036 598 3102 Festa
633 3039 814 3122 pertineant
847 3045 902 3101 ant
930 3036 1101 3123 llysteria;
1128 3047 1195 3103 tum
1230 3040 1347 3124 quippe

322 3146 350 3190 m
375 3146 475 3192 unum
499 3127 836 3192 commemorationem
865 3126 997 3190 alterius
1022 3127 1151 3191 minime
1175 3136 1346 3211 expungat,

322 3235 428 3302 sperae
452 3215 531 3279 stunt
554 3234 572 3278 8
596 3213 741 3299 Capitulo
766 3215 804 3280 de
828 3215 994 3299 sequenti,
1019 3235 1091 3281 oum
1121 3235 1348 3285 commemora-

324 3323 364 3369 nc
388 3303 617 3389 praecedentis,
642 3303 772 3389 perinde
796 3324 833 3368 88
857 3303 896 3368 88
921 3323 982 3368 uno
1019 3302 1192 3388 eodemque
1216 3323 1278 3367 non
1303 3301 1347 3365 lo-

322 3401 362 3458 nt.
389 3392 485 3457 Rabr.
519 3391 620 3479 pecul.
644 3415 674 3456 o.
712 3393 785 3457 tat.
815 3391 890 3457 Vide
925 3395 1019 3455 ctiam
1054 3391 1136 3476 infru
1166 3412 1191 3455 c.
1217 3392 1236 3455 8
1261 3413 1290 3453 n.
1316 3393 1346 3455 8.

322 3501 426 3546 mnam
449 3489 556 3545 antem
579 3489 672 3564 pacto
696 3480 853 3567 Vesperas
879 3480 1020 3546 ordinari
1044 3487 1200 3564 oporteat,
1225 3480 1251 3544 si
1277 3477 1343 3542 dies

322 3578 400 3636 :lava
424 3570 603 3656 cujuspiam
625 3569 710 3635 Festi
735 3571 766 3635 in
790 3568 987 3635 Dominicam
1011 3568 1244 3654 privilegiatam
1267 3568 1344 3632 inri-

322 3667 360 3732 8,
383 3679 420 3724 88
445 3658 547 3745 pridie
572 3667 678 3724 actum
714 3657 810 3724 luerit
833 3658 871 3722 de
906 3659 1041 3743 septima
1066 3655 1114 3721 die
1150 3655 1228 3721 inira
1254 3654 1346 3722 Octa-

322 3766 367 3821 88,
391 3747 500 3814 conler
523 3747 703 3814 annotanda
728 3748 786 3812 sub
811 3747 861 3814 die
885 3745 903 3812 8
929 3754 960 3811 et
984 3745 1025 3810 lt
1050 3744 1244 3812 Docenduis

643 4011 1002 4067 -woeffioom
