3484 4875
499 502 594 550 CAPUT
608 505 649 550 lx.
662 503 700 549 bu
713 503 800 549 tussit
813 503 843 549 lli
855 501 964 549 attacta
977 505 1118 552 ecelesia
1131 508 1195 555 nic.
1299 488 1362 556 123

372 612 403 677 3.
428 610 527 678 blissa
549 610 583 676 in
606 608 765 678 Oratoriis
789 609 936 695 priuatis,
960 608 1014 677 ubi
1030 612 1232 699 privilegium
1247 613 1384 701 Aposto-

328 720 402 768 cum
426 707 548 786 praesto
571 705 631 775 est,
655 698 719 763 1101
743 704 850 783 potest
875 697 988 764 diebus
1006 699 1154 784 singulis,
1171 702 1309 788 demptis
1326 703 1384 769 Fe·

330 789 358 855 is
382 790 507 875 quinta,
530 796 620 853 sexta
643 793 676 851 et
699 784 841 851 Sabbato
865 785 997 870 majoris
1021 786 1253 865 Hebdomade,
1277 790 1384 857 110011-

328 878 382 942 1010
400 876 534 942 Paseboe
557 883 589 941 et
607 875 823 949 pentecostes,
847 894 885 939 ac
909 872 1012 939 Festis
1035 874 1223 943 Natiuitatis
1246 877 1383 953 Domini,

328 964 491 1051 pipbanice
514 972 548 1030 et
571 962 788 1039 Asceusionis,
812 961 1076 1028 Annuntiationis
1100 971 1132 1029 et
1149 964 1384 1050 Assumptionis

329 1103 336 1117 .
360 1053 401 1118 ll.
426 1050 475 1127 V,
500 1050 550 1117 Ss.
575 1051 685 1136 Apost.
709 1050 798 1114 Petri
821 1059 854 1115 et
878 1049 979 1126 Pauli,
1004 1049 1156 1116 Omnium
1180 1050 1384 1127 Sanctorum,

328 1161 340 1206 0
368 1140 502 1205 Patroni
534 1138 722 1226 principalis
756 1137 842 1202 Loci.
874 1137 906 1201 S.
932 1137 971 1202 ll.
998 1138 1029 1202 0.
1057 1139 1095 1204 ll
1124 1138 1201 1205 Neo.
1235 1141 1319 1207 1607
1353 1141 1384 1206 10

328 1228 541 1315 blopurptooc
565 1235 594 1292 et
618 1228 655 1291 11
682 1225 761 1314 Apr.
787 1224 873 1291 toto
896 1225 929 1289 ic
952 1224 1178 1292 Bucolicorum.
1201 1227 1243 1291 001
1267 1230 1296 1293 7.

367 1317 400 1383 d.
427 1316 591 1381 indultum
617 1321 724 1379 autem
748 1311 970 1398 Apostolicum
995 1313 1180 1380 celebrandi
1195 1315 1326 1382 Missam
1351 1318 1384 1382 10

328 1403 467 1472 00100110
486 1402 619 1489 privatis
641 1402 832 1485 intelligitur
854 1400 1076 1487 principaliter
1098 1422 1286 1470 concessum
1308 1432 1321 1461 n
1347 1406 1385 1470 iis

328 1502 432 1560 tntum
453 1491 569 1577 quibus
585 1491 684 1555 Breve
702 1488 861 1574 dirigitur,
879 1489 1030 1554 nimirum
1052 1492 1198 1575 personis
1220 1492 1296 1568 illis,
1314 1511 1386 1577 quoe

347 1590 441 1666 tergo
458 1579 604 1666 ejusdem
619 1578 728 1643 Brevis
745 1578 876 1663 proprio
894 1578 1021 1642 nomine
1038 1588 1279 1663 nuncupantur;
1304 1580 1384 1645 adeo

328 1677 348 1745 t,
364 1671 437 1735 sine
453 1667 626 1754 praesentia
642 1665 778 1752 alicujus
795 1685 833 1731 ex
850 1665 943 1732 dictis
961 1667 1117 1751 personis,
1135 1668 1266 1733 minime
1288 1669 1386 1736 liccat

328 1756 409 1823 lissae
425 1754 620 1821 sacrificium
636 1754 747 1838 peragi
761 1774 769 1826 ;
787 1754 913 1819 etiamsi
931 1773 1073 1840 praesens
1086 1755 1128 1819 sit
1141 1755 1255 1840 aliquis
1270 1757 1335 1822 sive
1348 1776 1386 1821 ex

328 1845 388 1920 liis,
411 1844 479 1908 siue
496 1862 534 1908 ex
551 1842 809 1925 consangnineis,
825 1840 892 1906 sive
909 1860 947 1906 ex
968 1840 1125 1918 affinibus,
1147 1842 1212 1909 sive
1234 1842 1385 1909 ariami-

330 1932 451 2007 aribus,
466 1932 532 1995 sive
546 1930 674 1996 demum
691 1948 730 1993 ex
743 1928 923 2014 hospitibus
936 1928 1098 1994 nobilibus
1110 1930 1142 1995 in
1155 1931 1267 1996 eodem
1287 1931 1386 1996 Breve

328 2019 518 2093 remoratis;
543 2018 660 2104 quippe
683 2016 800 2102 quibus
824 2017 868 2081 nil
893 2016 980 2081 aliud
1004 2036 1061 2102 per
1085 2017 1242 2102 ejusmodi
1274 2018 1386 2084 Brevia

328 2106 512 2182 onceditur,
536 2125 633 2192 quam
656 2104 742 2190 quod
774 2104 995 2190 unusquisque
1027 2124 1139 2171 eorum
1173 2104 1385 2191 (dummodo,

330 2194 392 2261 nod
417 2195 533 2261 attinet
556 2194 597 2259 ad
620 2192 806 2270 familiares,
827 2192 919 2277 juxta
935 2192 1113 2258 clausulam
1130 2194 1162 2257 in
1179 2193 1293 2258 iisdem
1310 2194 1385 2259 Bre-

328 2284 398 2349 ibus
422 2284 590 2357 insertam,
613 2301 677 2347 non
701 2281 743 2346 sit
766 2301 804 2347 ex
827 2281 892 2345 illis
917 2287 989 2345 actu
1007 2299 1070 2345 non
1094 2278 1309 2365 necessariis)
1334 2300 1383 2345 as-

328 2372 425 2437 istens
449 2369 565 2446 llissae,
590 2389 660 2456 quae
685 2368 869 2433 celebratur
892 2368 924 2433 in
947 2367 1095 2433 llratorio
1112 2369 1235 2454 privato
1253 2368 1283 2431 in
1302 2387 1384 2456 prae·
1485 2405 1492 2418 κ

330 2461 409 2524 entia
431 2458 569 2543 aiicujus
594 2479 632 2524 ex
654 2458 802 2542 personis
825 2477 843 2522 a
868 2466 960 2540 tergo
983 2457 1092 2520 Brevis
1108 2457 1239 2542 proprio
1257 2457 1386 2522 nomine

328 2547 510 2632 nuncupatis,
534 2543 712 2612 satisfaciat
735 2545 923 2627 obligationi
948 2542 1097 2608 audiendi
1120 2543 1249 2608 Missam
1273 2542 1386 2608 diebus

328 2632 400 2699 Testis
423 2634 462 2699 de
485 2641 649 2720 praecepto
672 2662 703 2698 ι.
727 2631 777 2696 Ex
800 2632 891 2697 Decr.
916 2631 995 2696 Cum
1013 2630 1074 2695 duo
1092 2630 1217 2696 nobiles
1234 2630 1385 2717 conjuges

328 2719 468 2788 benedicti
487 2721 534 2788 Xl
540 2721 566 2787 V
587 2721 650 2787 diet
673 2721 690 2786 7
716 2719 864 2785 tonuerit
888 2719 986 2786 1711.

464 2959 530 3026 lle
549 2957 748 3026 collectis
768 2955 912 3024 Missae
933 2953 1228 3040 adjungendis

383 3167 408 3232 5.
432 3166 583 3234 collectae
602 3169 702 3256 jussae
725 3186 744 3231 a
768 3166 927 3232 Locorum
950 3160 1129 3229 ordinariis
1152 3182 1211 3249 pro
1236 3182 1271 3227 re
1295 3165 1384 3248 gravi

335 3254 502 3322 omittuntur
525 3257 558 3321 in
582 3256 764 3341 duplicibus
788 3253 902 3338 primae
926 3251 1040 3316 classis
1065 3259 1098 3315 et
1121 3252 1152 3315 iu
1177 3250 1291 3325 Missis,
1315 3271 1386 3335 quac

336 3339 436 3409 unicam
458 3344 645 3410 Orationem
669 3343 854 3408 admittunt.
878 3339 909 3404 S.
935 3338 970 3402 ll.
999 3337 1030 3402 Ο.
1057 3338 1098 3402 15
1122 3335 1200 3422 Moj.
1234 3336 1320 3402 1819
1353 3337 1386 3399 iu

336 3423 450 3496 1010100.
468 3431 510 3496 ad
526 3431 547 3496 2
564 3442 593 3497 et
611 3431 651 3498 16
669 3432 746 3518 Apr.
766 3427 901 3494 185510
920 3446 984 3489 000
1004 3424 1077 3490 Ord.
1099 3424 1174 3488 Min.
1199 3423 1320 3488 010000.
1345 3422 1387 3487 od

337 3507 374 3576 15.
386 3515 416 3582 10
432 3518 611 3604 duplicibus
627 3538 703 3583 vero
720 3515 869 3581 secundae
892 3512 1005 3578 classis
1026 3511 1178 3576 dicuntur
1197 3508 1238 3575 ad
1259 3510 1386 3577 libitum

337 3595 508 3672 Celebrantis
525 3607 558 3672 10
575 3606 680 3671 1110010
698 3604 841 3690 privatis,
857 3603 889 3666 in
907 3599 1116 3665 Conventuali
1141 3604 1248 3663 autem
1272 3605 1305 3662 et
1328 3595 1386 3662 So·

337 3682 468 3760 leuntiis
491 3695 582 3759 locus
606 3713 668 3758 non
693 3700 752 3756 est.
778 3692 809 3756 S.
834 3689 871 3754 a.
899 3688 930 3753 0.
964 3687 1006 3752 25
1030 3686 1108 3772 Moj.
1143 3685 1228 3751 1875
1259 3685 1293 3749 io
1324 3684 1389 3750 No·

339 3793 447 3848 marceo,
470 3781 513 3848 od
537 3782 566 3847 1.
591 3781 660 3845 Non
678 3781 870 3845 omittuntur
892 3776 927 3840 in
944 3774 1060 3850 1110οἰ0,
1078 3794 1148 3860 quae
1166 3773 1245 3839 duas
1262 3779 1387 3839 tantum
1487 3832 1492 3841 ,

339 3856 477 3935 Orationes
501 3869 682 3942 adciscunt,
706 3867 734 3931 si
752 3864 846 3930 modo
863 3863 1005 3948 excipias
1022 3871 1171 3946 quartam
1187 3860 1389 3927 Dominicam

339 3946 473 4022 liunus
496 3955 693 4023 incidentem
716 3955 748 4019 in
772 3952 921 4037 vigiliam
950 3950 1141 4015 Natiuitatis.
1166 3950 1197 4014 S.
1223 3949 1259 4014 R.
1286 3947 1318 4015 0.
1345 3947 1388 4012 20

340 4033 555 4121 10000
579 4043 740 4112 corruet
766 4040 809 4108 ae
829 4039 862 4107 n
887 4037 964 4120 oue
996 4035 1125 4125 quidem
1156 4035 1305 4104 couutae
1339 4033 1386 4100 0..
