3484 4875
549 499 773 547 nouornrromrs
790 503 820 547 m
836 475 929 547 resen
945 500 1111 548 nreeuoms
1282 483 1347 548 435

383 605 436 669 IV.
461 604 496 670 Si
519 626 557 671 ex
580 607 747 692 privilegio
771 607 822 672 die
838 607 1019 673 Natiuitatis
1038 626 1188 672 concessa
1206 609 1249 673 sit
1265 608 1370 674 ulisse

339 693 516 758 celebratio
539 695 572 759 in
597 692 745 760 Oratorio
769 697 915 779 privato,
940 695 1098 761 Sacerdos
1122 704 1228 779 potest
1252 695 1295 760 ibi
1319 703 1369 761 ter

339 780 479 847 Sacrum
502 780 619 846 lacere.
636 782 668 847 S.
696 783 727 847 0.
755 783 885 849 Caecilii
902 785 941 848 la
959 783 1030 848 Jove.
1051 783 1147 848 1725.
1173 782 1291 849 Contra
1314 783 1369 848 Sa·

336 869 453 934 cordos
478 871 671 947 caecutiens,
708 872 761 955 qui
785 871 912 937 lndullo
937 871 1054 955 gatrrlol
1089 870 1214 936 dicendi
1238 872 1369 937 Missam

338 958 477 1022 votivam
501 958 536 1022 Β.
560 959 599 1021 ll.
624 957 679 1032 tt,
709 968 836 1024 vetatur
861 961 920 1023 hae
945 961 995 1024 die
1020 970 1085 1025 tres
1109 958 1222 1024 Missas
1245 960 1367 1024 votivas

336 1044 501 1197 ddtd'etdd'
524 1045 567 1196 Xd
588 1046 761 1198 pelehrare.
786 1048 817 1112 S.
840 1048 876 1112 ll.
897 1048 928 1112 C.
955 1049 993 1112 ll
1020 1050 1098 1134 Apr.
1125 1047 1210 1112 tato
1235 1048 1267 1111 iu
1288 1047 1368 1111 Bor·

382 1219 417 1284 V.
442 1220 500 1285 Ubi
526 1219 557 1285 S.
582 1222 760 1286 Anastasio
784 1224 849 1309 (ex
873 1223 1018 1298 indulto,
1042 1225 1091 1288 vel
1116 1224 1189 1309 quia
1213 1223 1366 1288 Tituloris

336 1315 387 1375 est
402 1317 459 1373 aut
473 1308 625 1394 Patrona)
642 1311 706 1374 alia
729 1309 780 1373 die
803 1313 970 1395 peragitur
988 1310 1146 1386 Officium,
1171 1311 1213 1375 ibi
1238 1330 1365 1396 quoque

335 1394 430 1463 hodie
443 1397 476 1460 in
492 1397 632 1462 secunda
645 1398 740 1462 llissa
758 1398 960 1484 adjungenda
974 1411 1023 1464 est
1039 1399 1163 1484 (contra
1181 1408 1275 1484 atque
1295 1418 1367 1463 sen·

335 1488 375 1551 tit
391 1483 549 1571 Pittonus)
568 1487 654 1550 illius
671 1487 945 1559 commemoratum
970 1506 1007 1550 eo
1031 1487 1116 1572 «prod
1134 1490 1367 1551 commemora·

334 1575 380 1638 tio
404 1572 516 1637 isthaec
540 1593 603 1638 non
627 1575 712 1638 vices
738 1573 866 1658 quidem
892 1584 1024 1658 praestet
1059 1576 1126 1661 ejus
1151 1573 1270 1649 Officii,
1307 1574 1365 1639 sed

333 1664 367 1726 m
393 1661 584 1745 simpliciter
607 1663 730 1727 ratione
748 1662 913 1726 Stationis.
938 1663 1075 1727 llleratus
1098 1664 1163 1751 pl
1187 1664 1231 1726 tit.
1252 1662 1316 1726 lu.
1341 1662 1361 1726 d

333 1761 416 1835 etp.
442 1749 463 1813 ll
487 1750 531 1813 tit.
557 1750 575 1812 5
600 1773 629 1813 u.
655 1751 685 1815 9.
721 1750 852 1815 Attoudc
876 1753 970 1814 etiem
994 1752 1076 1815 dieto
1098 1762 1168 1839 post
1191 1751 1360 1837 Septuope·

334 1840 450 1901 simum
474 1859 504 1900 u.
528 1838 559 1901 4.

379 1925 429 1989 Vl.
453 1924 554 1989 Hodie
578 1926 688 2010 nequit
720 1926 878 1992 celebrari
909 1928 1004 1992 lllisso
1041 1928 1186 2011 quamuis
1210 1926 1362 1991 solemnis

285 2236 351 2279 nem
385 2226 469 2278 noete
502 2217 530 2277 iu
562 2218 655 2277 locem
679 2216 758 2276 editi.
788 2221 878 2278 Porro
902 2218 961 2278 lroec
994 2237 1049 2277 nox
1082 2216 1208 2277 ostendit
1229 2236 1295 2277 eum
1319 2219 1363 2277 in·

284 2298 433 2373 cognitum
454 2296 627 2368 erlvenisse3
651 2297 796 2375 itemque,
820 2299 859 2355 uti
884 2298 1060 2372 Augustinus
1082 2297 1139 2368 uit,
1163 2296 1245 2374 quusi
1268 2298 1362 2357 solem

284 2378 416 2437 ueritatis
431 2386 459 2435 et
471 2376 591 2456 Justitiae
612 2376 742 2436 illuxisse
766 2378 819 2448 lus,
840 2377 889 2455 qui
908 2377 934 2435 iu
952 2376 1078 2435 tenebris
1093 2385 1121 2435 et
1136 2376 1239 2435 umbra
1262 2376 1365 2437 mortis

282 2457 434 2518 sedebant.
458 2456 627 2517 celebratur
659 2464 800 2533 praterea
823 2457 917 2534 prima
941 2457 1001 2516 haec
1034 2455 1120 2515 lllissa
1142 2457 1362 2534 quamprimum

284 2535 499 2614 postmodium
521 2542 654 2605 noctem,
676 2535 813 2594 Matutino
841 2535 994 2604 absoluto,
1015 2535 1083 2613 quio
1108 2535 1155 2595 illa
1178 2534 1269 2594 noctis
1291 2534 1362 2594 liora

282 2613 418 2676 Christus
439 2622 483 2673 est
504 2613 533 2672 iu
556 2613 642 2671 uitam
666 2613 834 2689 ingressus,
856 2613 1013 2690 incipiente
1031 2613 1091 2692 jum
1114 2614 1161 2673 die
1177 2617 1215 2673 et
1238 2617 1361 2672 Decem-

282 2693 358 2755 bris.
380 2693 476 2765 Missa,
498 2693 586 2751 altere
609 2710 700 2768 quum
721 2691 902 2768 spiritualem
934 2693 1051 2752 denotet
1073 2693 1177 2752 Christi
1200 2691 1362 2766 generatio·

280 2790 373 2844 nem,
394 2789 450 2850 quo
474 2771 568 2849 primo
590 2769 718 2829 uescitur
740 2770 768 2829 iu
791 2771 875 2831 nobis
899 2790 950 2848 per
972 2772 1092 2847 gretiam
1115 2770 1361 2844 sanctificantem,

281 2850 395 2911 idcireo
418 2850 452 2908 ad
466 2867 609 2915 ,auroram
632 2847 748 2918 dicitur,
769 2868 820 2909 sen
837 2849 933 2927 primo
949 2850 1087 2910 diluculo.
1110 2851 1211 2910 Tertia
1233 2850 1361 2927 denique

280 2933 371 2992 Misso
394 2928 462 2988 fidei
484 2928 576 2989 oculis
598 2928 776 2988 demonstrat
797 2929 894 2989 Diviui
919 2929 1007 2989 Verbi
1031 2932 1245 3006 generationem
1274 2940 1360 2990 aeter-

279 3028 362 3086 uam3
385 3008 508 3086 ideoque
530 3009 584 3066 alto
604 3006 663 3086 jum
685 3006 750 3080 die,
773 3027 805 3068 ae
828 3009 913 3086 plena
935 3009 963 3069 in
987 3011 1049 3070 luce
1071 3010 1237 3070 celebratur
1256 3010 1290 3068 ad
1313 3009 1362 3069 de·

279 3088 456 3166 signandum
478 3089 554 3147 diem
577 3087 658 3145 illum
680 3087 867 3162 aeteruitotis,
889 3089 925 3147 de
953 3107 1010 3166 qrro
1033 3090 1138 3165 legitur
1162 3093 1208 3147 Ps.
1233 3093 1300 3149 lllll:
1325 3090 1361 3147 Iu

280 3169 496 3245 splendoribus
517 3178 701 3238 certatorum,
718 3188 756 3227 eor
776 3179 861 3227 utero
883 3178 950 3227 orrte
971 3169 1132 3244 locellorum
1153 3173 1243 3245 pertiti
1262 3180 1299 3226 te.
1323 3199 1361 3210 —-

281 3248 418 3311 Advertit
437 3247 565 3314 Toletus‚
588 3266 640 3323 per
661 3247 713 3306 ista
736 3248 789 3307 tria
811 3253 900 3309 Sacra
924 3249 1003 3307 innui
1036 3256 1093 3307 tres
1114 3255 1227 3317 status,
1250 3245 1357 3323 quibus

283 3328 420 3388 homiues
441 3326 541 3386 salvati
564 3335 649 3399 sunt3
672 3334 776 3386 statum
798 3326 908 3388 scilicet
930 3327 999 3401 legis
1014 3329 1141 3394 Nature,
1156 3343 1242 3402 quom
1266 3325 1361 3384 medin

280 3425 341 3468 nox
364 3406 499 3473 denotat,
521 3405 589 3482 quia
610 3404 716 3465 debilis
738 3414 797 3464 tum
820 3415 882 3464 erat
903 3404 954 3463 Dei
977 3405 1100 3481 cognitio
1123 3404 1150 3464 iu
1174 3402 1359 3477 lrominilrus3

280 3485 368 3562 Legis
389 3484 505 3563 scriptae
527 3490 656 3556 statum,
676 3501 764 3562 quem
785 3483 916 3560 designet
938 3502 1062 3556 aurora,
1085 3484 1153 3561 quiu
1175 3490 1241 3542 tuno
1265 3481 1356 3560 major

280 3566 357 3625 lacta
380 3571 423 3624 est
445 3564 472 3623 in
495 3561 662 3622 hominibus
694 3561 800 3622 dirinae
831 3562 914 3637 legis
945 3563 1089 3638 coguiti03
1120 3563 1236 3622 demum
1260 3560 1360 3636 gratiae

282 3651 412 3713 statum,
433 3661 520 3722 quem
543 3641 600 3700 diei
624 3641 720 3718 lulgor
742 3648 940 3717 repraesentat,
960 3641 1027 3720 quia
1050 3643 1078 3701 iu
1102 3641 1151 3699 illo
1172 3638 1269 3698 diviua
1292 3657 1358 3716 gra·

280 3722 321 3782 tia
344 3731 372 3782 et
394 3741 493 3782 rerum
516 3719 676 3780 eoelcstium
709 3720 832 3796 cognitio
865 3721 990 3780 maxime
1022 3720 1177 3780 abundant.
1209 3718 1359 3797 Ejusmodi

283 3800 516 3880 interpretationi
540 3801 617 3858 lavet
638 3800 781 3858 lionorius
803 3800 831 3858 in
853 3801 993 3879 Gemma,
1015 3799 1063 3860 ubi
1087 3800 1192 3859 docel:
1215 3796 1358 3858 celebrari

281 3880 442 3952 asiugulis
464 3878 669 3939 Sacerdotibus
691 3887 749 3937 tres
770 3878 870 3938 tlissas
892 3878 921 3937 in
942 3878 1034 3939 Natali
1051 3877 1164 3938 Domini
1187 3875 1222 3936 ad
1244 3875 1358 3954 signid-

282 3960 406 4021 caudam
428 3959 550 4018 sulutem
572 3956 772 4017 advenientem
794 3965 822 4017 et
845 3957 890 4028 its,
911 3957 960 4036 qui
981 3967 1046 4018 onte
1068 3959 1181 4036 legem,
1203 3958 1302 4036 etqui
1325 3958 1353 4015 iu

282 4060 328 4116 ee,
349 4038 449 4115 etqui
471 4047 536 4116 post
559 4056 631 4099 eam.
653 4039 722 4100 Hoc
742 4040 825 4115 opud
848 4038 1009 4098 Tetomum.

259 4131 265 4141 ι
500 4119 507 4127 “
653 4126 662 4148 0

397 4119 440 4186 28
