3484 4875
551 493 646 541 elnon
663 494 696 539 11.
713 489 752 539 nr
768 491 921 540 rnrulnns
936 493 1037 541 rusus
1052 496 1191 544 noconuu
1339 479 1381 547 25

328 600 475 688 publicae,
498 619 572 685 qua
594 600 721 666 etiamsi
744 600 925 683 ingressum
948 602 1056 688 palam
1079 603 1196 669 habeat
1219 605 1251 671 in
1275 607 1335 682 via,
1359 616 1405 673 at·

329 697 436 755 umen
460 708 526 754 non
550 696 618 754 tam
640 688 761 775 populi,
786 707 883 773 quam
907 688 1042 776 alicujus
1063 690 1204 757 Familia
1232 694 1282 759 vel
1306 695 1406 761 Colle·

327 778 369 861 gii
393 776 617 843 commoditati
641 776 801 841 destinata
827 777 964 843 videtur.
986 780 1017 844 S.
1039 779 1076 845 R.
1102 780 1134 846 0.
1157 781 1196 845 ul
1228 780 1291 847 Jnt.
1318 783 1404 850 1855

327 865 359 930 in
376 865 571 931 Suessiones.
595 863 638 929 nd
662 865 691 930 5.
717 864 946 931 Kalendarium
969 886 1066 953 porro
1091 869 1124 934 in
1139 888 1329 955 unaquaque
1347 872 1404 937 Ec·

329 954 424 1019 etesia
441 954 493 1019 vel
510 951 659 1019 Oratorio
683 953 812 1039 pollice
836 953 1064 1031 adhibendum,
1087 966 1137 1021 est
1154 957 1330 1023 Romanum
1349 979 1405 1024 seu

328 1042 553 1107 Ilioecesanum
577 1049 633 1107 aut
656 1038 835 1125 Regulare,
862 1050 959 1127 prout
982 1042 1125 1109 Ecclesia
1150 1046 1199 1111 vel
1223 1045 1408 1113 Oratorium

331 1130 369 1195 ad
392 1129 576 1195 Saeculares
600 1138 656 1195 airt
680 1129 856 1214 Regulares
878 1133 1038 1215 pertinet:
1063 1132 1198 1218 adjectis
1222 1141 1329 1201 tamen
1353 1133 1405 1200 Ol·

332 1218 408 1283 liciis
433 1217 653 1283 Dedicationis
677 1217 715 1306 (si
732 1217 818 1283 lacta
842 1217 895 1305 sit)
920 1227 952 1284 et
969 1219 1122 1286 'litularis
1140 1221 1284 1307 ejusdem
1301 1223 1409 1289 Eccle-

332 1307 385 1371 siae
401 1307 453 1369 vel
470 1304 622 1380 Oratorii,
639 1326 677 1372 ac
693 1306 848 1393 Reliquias
865 1307 999 1391 insignis
1017 1308 1056 1395 (si
1074 1308 1190 1375 debitae
1206 1318 1325 1396 presto
1342 1312 1408 1376 sint

333 1393 544 1469 conditiones,
567 1393 657 1479 juxta
681 1394 815 1460 dicenda
839 1395 899 1459 sun
924 1396 975 1460 die
1000 1397 1040 1461 l5
1064 1396 1156 1462 llnrt.
1181 1417 1212 1463 n.
1236 1398 1306 1485 ΙΙΙ)
1331 1398 1408 1463 inibi

333 1489 517 1559 asservatae,
540 1490 574 1547 et
597 1483 668 1547 aliis
692 1483 877 1567 specialiter
900 1483 1043 1559 indultis,
1068 1485 1106 1560 si,
1128 1492 1162 1550 ut
1185 1486 1251 1571 jam
1276 1506 1410 1572 peaemo·

334 1571 476 1645 nuimus,
502 1568 645 1655 praelatae
669 1570 820 1636 Ecclesiae
851 1572 903 1637 vel
927 1569 1076 1639 Oratorio
1101 1573 1213 1659 Clerus
1242 1576 1349 1661 aliquo
1374 1594 1412 1641 cx

335 1658 438 1723 modis
462 1677 562 1743 supra
586 1659 753 1743 explicatis
777 1658 925 1724 addictus
949 1662 1002 1725 sit.

399 1748 454 1812 ltl.
479 1744 515 1811 Si
539 1745 682 1812 Ecclesia
715 1748 746 1813 in
773 1747 930 1813 honorem
954 1749 1096 1834 plurium
1119 1747 1323 1826 Sanctorum,
1348 1771 1411 1816 non

336 1834 465 1918 quidem
489 1854 548 1921 per
577 1834 707 1900 modum
740 1837 834 1901 unius
867 1835 979 1902 eadem
1004 1836 1054 1902 die
1084 1840 1345 1912 occurrentium,
1376 1848 1412 1904 nt

336 1923 383 1987 Ss.
399 1923 533 1989 Fabiani
552 1933 584 1989 et
600 1922 792 1997 Sebastiani;
809 1923 867 1989 sed
884 1924 1020 2001 divisim,
1034 1946 1170 2011 quorum
1188 1947 1301 2013 nempe
1317 1926 1413 1992 Festa

337 2010 447 2075 eadem
472 2012 524 2077 die
549 2032 611 2076 non
635 2020 828 2086 recurrant,
854 2019 889 2077 ut
910 2011 961 2077 Ss.
986 2013 1084 2079 Blasii
1108 2021 1140 2079 et
1163 2014 1291 2091 Caroli,
1323 2035 1413 2100 reque

336 2097 506 2164 benedicta
529 2099 626 2166 luerit
649 2109 704 2165 aut
728 2107 918 2165 consecrata
942 2100 1051 2188 (quod
1076 2110 1183 2169 tannen
1207 2112 1257 2169 cst
1273 2103 1413 2169 devitan-

338 2186 410 2253 dum
426 2185 460 2272 ),
489 2188 542 2253 vel
564 2189 590 2253 si
615 2195 726 2273 postea
750 2208 789 2253 ex
811 2190 944 2274 speciali
969 2190 1095 2255 ludullo
1121 2191 1306 2277 Apostolico
1331 2191 1413 2257 alius

338 2273 497 2351 SanctuS,
522 2284 640 2361 praeter
671 2276 858 2361 antiquum,
891 2279 938 2341 uti
961 2277 1116 2345 'litularis
1148 2278 1276 2345 additus
1299 2278 1413 2353 luerit,

340 2372 411 2429 tunc
436 2364 533 2429 ambo
557 2365 744 2451 respectivis
776 2384 888 2429 eorum
912 2366 1024 2431 diebus
1048 2376 1123 2432 sunt
1147 2368 1329 2432 celebrandi
1354 2366 1414 2431 sub

338 2454 398 2518 ritu
423 2453 546 2539 duplici
570 2454 586 2518 l
613 2454 728 2519 classis
751 2473 824 2518 cum
848 2452 979 2532 Octava,
997 2464 1031 2520 ut
1055 2476 1152 2543 supra
1177 2477 1207 2521 n.
1227 2455 1266 2520 Ι7
1292 2455 1413 2520 dictum

340 2551 393 2606 est.
418 2542 452 2607 S.
480 2540 515 2607 ll.
536 2541 568 2607 0.
592 2541 635 2606 Ed
658 2543 683 2606 A
711 2564 737 2607 r.
763 2541 848 2606 leue
873 2543 1127 2622 sibenlinten,
1151 2545 1193 2608 25
1217 2543 1309 2609 Febr.
1329 2543 1414 2609 tutu

341 2630 369 2692 in
389 2651 455 2694 uiro
484 2630 559 2695 Ord.
583 2629 658 2694 Min.
684 2563 919 2705 denotemur..
943 2632 985 2696 ed
1008 2633 1028 2697 ‘i
1052 2644 1082 2698 ct
1105 2632 1146 2697 lii
1170 2632 1249 2720 Ape.
1275 2632 1360 2697 lu55
1384 2633 1417 2695 in

341 2739 398 2782 una
426 2717 504 2782 Ord.
521 2718 597 2783 Min.
618 2718 739 2783 Obscro.
757 2719 799 2783 od
821 2719 852 2783 E.
878 2719 1057 2806 (Titulares
1081 2721 1286 2786 nihilominus
1311 2721 1416 2786 minus

342 2806 547 2891 principales,
571 2807 598 2872 si
623 2807 785 2892 quisunt,
810 2808 1017 2874 celebrantur
1040 2811 1100 2875 sub
1125 2810 1186 2875 ritu
1206 2808 1325 2894 duplici
1350 2828 1416 2874 ma·

341 2896 397 2978 jori
425 2901 574 2971 tantum,
598 2903 631 2960 et
653 2895 721 2960 sine
745 2893 899 2982 Octava).
924 2896 1065 2963 Rursum
1093 2899 1120 2963 si
1144 2898 1215 2984 quis
1240 2898 1417 2984 Episcopus

344 2985 457 3049 existat
488 2983 539 3047 vel
569 2981 733 3048 Paroehus
764 2983 900 3049 duarum
931 2984 1148 3051 Ecclesiarum
1179 2985 1419 3051 cathedralium

345 3073 389 3137 rel
423 3071 664 3136 Parochialium
694 3072 876 3147 unitarum,
906 3075 1044 3139 recitare
1072 3074 1167 3139 delict
1189 3071 1333 3139 Officium
1359 3073 1418 3138 sub

347 3160 405 3225 ritu
433 3159 555 3244 duplici
575 3160 590 3222 l
611 3160 724 3224 classis
741 3180 815 3225 cum
832 3157 950 3226 Octava
968 3162 1008 3226 de
1024 3163 1192 3228 ambarum
1217 3162 1352 3227 Titulari
1376 3161 1420 3249 (et

349 3246 428 3312 idem
454 3247 661 3313 sentiendum
685 3247 724 3312 de
747 3247 983 3336 Dedicatione).
1007 3250 1038 3315 S.
1056 3250 1092 3315 li.
1113 3250 1146 3317 θ.
1165 3251 1183 3315 5
1200 3249 1263 3315 tut.
1283 3249 1367 3315 1698
1388 3248 1420 3312 io

353 3335 463 3400 dolien.
490 3334 533 3399 nni
556 3335 577 3400 6
600 3345 630 3399 ct
656 3335 696 3399 lu
722 3336 806 3424 Sept.
832 3336 919 3402 lule
943 3340 975 3403 in
997 3338 1167 3405 Nucerino.
1198 3337 1290 3416 Quod
1313 3346 1419 3401 tamen

350 3424 407 3488 vim
432 3423 574 3499 obtinet,
600 3423 773 3489 dummodo
797 3423 931 3510 praelata
955 3427 1029 3491 renio
1053 3425 1210 3511 ejusmodi
1226 3426 1278 3499 sit,
1297 3432 1331 3488 ut
1347 3423 1419 3508 Epi·

352 3529 463 3596 scopus
495 3512 547 3576 vel
580 3511 743 3577 Parochus
766 3514 861 3578 unius
886 3514 927 3578 sit
957 3515 1054 3578 etiam
1078 3514 1213 3578 seorsim
1245 3511 1422 3598 Episcopus

354 3600 395 3662 ul
413 3599 579 3665 Parochus
596 3601 746 3674 alterius;
771 3621 833 3666 non
859 3609 967 3680 alitem
992 3603 1019 3667 si
1043 3621 1081 3667 ex
1105 3601 1228 3666 derebus
1252 3599 1422 3666 Gntlredra

356 3682 430 3751 lilius
455 3689 504 3752 vel
529 3688 772 3753 parochialibus
796 3687 880 3754 lacta
905 3688 1001 3755 luerit
1017 3709 1090 3766 una,
1108 3690 1182 3775 quia
1200 3697 1275 3755 tunc
1292 3688 1422 3754 minime

352 3769 430 3840 toret
454 3776 632 3862 Episcopus
664 3777 713 3843 vel
746 3777 909 3842 Pnroclrus
942 3778 1078 3843 duarum
1102 3778 1341 3852 Ecclesiarum,
1366 3775 1424 3841 sed

362 3863 442 3928 unlus
466 3864 642 3929 dumtaxat.
660 3864 778 3931 Verum
804 3874 938 3951 uterque
962 3865 1073 3931 Clerus
1097 3866 1129 3931 in
1154 3867 1253 3952 priori
1278 3885 1354 3930 casu
1378 3864 1423 3928 ita

365 3964 514 4033 segerere
530 3951 626 4017 debet
642 3973 679 4018 ac
696 3953 723 4017 si
747 3954 822 4018 unio
846 3974 911 4019 non
935 3954 1133 4037 contigisset.
1157 3954 1203 4019 Ile
1226 3952 1423 4018 Titularibus

368 4042 456 4105 cirtem
481 4039 667 4127 (quatenus
692 4040 836 4128 talibus)
860 4049 892 4107 et
915 4041 954 4108 do
975 4041 1181 4108 lledieatione
1206 4040 1423 4136 Ecclesiarum
