3484 4875
587 508 680 555 carur
696 509 737 555 n.
754 508 792 554 or
809 508 1129 564 conunnonnrromous
1332 495 1372 560 tt

318 613 362 679 161
383 613 586 701 semiduplex
610 616 669 681 sub
686 616 752 683 ritu
775 617 915 701 simplici
939 624 971 681 et
994 618 1131 703 simplex
1156 638 1213 703 per
1236 638 1282 695 se,
1299 619 1395 706 hujus

318 702 443 781 {uidem
467 701 562 779 foret,
586 724 650 770 non
674 706 818 779 alterius
843 705 862 769 9
888 705 996 770 Lectio
1021 707 1207 771 omittenda.
1234 707 1396 774 1111661-

318 803 371 870 {ue
396 791 557 877 ejusmodi
581 793 623 855 sit
656 800 691 857 ut
713 792 910 876 simplicium
934 813 991 877 per
1015 793 1163 859 accidens
1197 814 1392 860 commemo·

318 879 473 943 'ationem
496 879 613 945 saltem
629 878 663 943 in
678 878 841 944 Laudibus
865 879 1025 945 admittat.
1044 880 1162 967 Excipe
1186 881 1395 949 nihilominus

318 958 444 1032 testum
469 964 526 1031 SS.
552 966 704 1051 Corporis
729 967 870 1042 Christi,
901 988 938 1031 ac
961 967 1161 1033 Dominioam
1185 968 1269 1035 intra
1294 971 1394 1055 ipsius

318 1046 479 1129 lctavam,
495 1055 572 1139 quin
595 1062 628 1119 et
652 1055 795 1137 singulos
819 1053 947 1119 Octava}
972 1054 1050 1130 dies,
1068 1058 1192 1140 quoties
1218 1056 1256 1121 de
1279 1058 1317 1122 iis
1342 1057 1394 1124 ot-

318 1139 418 1207 icium
443 1142 640 1207 celebratur.
657 1141 724 1206 Ltsi
747 1142 833 1207 enim
855 1142 943 1207 hisce
968 1142 1079 1208 diebus
1097 1146 1394 1211 commemorationi

318 1225 508 1314 implicium
530 1249 590 1314 per
613 1229 762 1294 accidens
786 1230 876 1294 locus
903 1229 1007 1305 adsit,
1032 1231 1149 1296 horum
1173 1239 1281 1297 tamen
1306 1253 1390 1299 nona

318 1319 418 1382 rectio
452 1315 614 1383 abnuitur.
639 1316 670 1380 S.
695 1317 732 1381 R.
759 1316 791 1382 0.
817 1318 858 1381 la
891 1317 971 1402 Aacp.
1007 1318 1094 1383 1851
1124 1320 1157 1382 16
1185 1318 1334 1384 Veronae.
1361 1330 1392 1385 61

318 1404 405 1470 lobr.
421 1404 528 1492 pecul.
552 1428 582 1469 u.
609 1404 683 1469 177.
702 1404 836 1469 Ratione
860 1412 967 1469 autem
992 1404 1079 1470 resu
1103 1404 1240 1492 duplicis
1264 1407 1394 1492 quidem

321 1511 361 1558 er
388 1512 450 1567 sc,
483 1499 517 1557 at
541 1492 697 1577 simplicis
722 1511 780 1576 per
804 1491 974 1567 accidens,
1006 1494 1038 1558 in
1063 1492 1173 1559 Officio
1204 1505 1394 1561 occurrente

318 1581 443 1646 rinime
460 1578 675 1645 excluduntur
690 1578 849 1662 Suffragia
874 1587 905 1643 et
922 1580 1048 1657 Preces,
1066 1583 1093 1646 si
1118 1602 1155 1646 ea
1178 1582 1259 1648 ritus
1277 1584 1393 1668 exigat,

320 1688 361 1733 ec
392 1666 492 1733 tertia
516 1665 627 1733 Oratio
651 1668 684 1732 in
708 1667 813 1732 blissa.
840 1668 959 1733 Contra
983 1689 1058 1733 vero
1083 1671 1115 1734 in
1140 1670 1237 1735 Missa
1260 1692 1324 1736 non
1349 1672 1393 1737 di·

317 1757 392 1823 itur
420 1754 545 1831 Credo,
577 1775 681 1839 nequo
703 1754 854 1820 Praelatio
878 1757 1033 1841 propria,
1058 1758 1184 1822 etiamsi
1209 1767 1393 1845 competant

318 1844 429 1920 'esto,
464 1842 555 1929 cujus
581 1846 845 1908 commemoratio
869 1844 905 1908 lit
929 1844 988 1909 sub
1013 1846 1076 1909 ritu
1103 1846 1271 1930 simplicis,
1288 1868 1392 1933 neque

318 1934 400 1999 olor
424 1930 501 1996 huic
526 1932 718 2000 conveniens
743 1931 924 2006 adhibetur,
942 1933 974 1996 in
998 1930 1109 1997 Officio
1134 1944 1240 2000 autem
1265 1936 1392 2001 conclu·

318 2023 348 2087 io
386 2019 592 2106 Hymnorum
624 2018 665 2083 ad
697 2039 808 2083 omues
832 2020 952 2094 boraS,
976 2021 1003 2084 si
1035 2019 1117 2085 forte
1141 2024 1272 2108 propria
1307 2022 1392 2089 adsit

322 2109 406 2183 esti,
423 2108 698 2192 praetermittitur.
716 2107 748 2172 S.
767 2106 804 2171 ll.
825 2107 917 2172 611
941 2108 1035 2172 Mart.
1056 2110 1140 2173 1775
1165 2110 1197 2173 io
1220 2132 1282 2175 otoo
1303 2108 1391 2176 Urbis

318 2197 340 2263 d
368 2196 391 2261 7
417 2194 504 2270 618,
529 2195 572 2259 20
595 2196 674 2282 Apr.
701 2195 787 2259 lbhb
811 2195 844 2258 io
866 2217 929 2259 uno
957 2195 1152 2261 0611166.
1177 2197 1392 2283 8169111161

319 2286 342 2349 d
371 2283 393 2347 5
420 2281 656 2376 6160666116.
683 2283 701 2346 5
726 2304 752 2348 c.
779 2284 875 2347 lan.
901 2283 943 2349 bt]
968 2293 1046 2349 616.
1072 2285 1167 2349 146.
1195 2285 1246 2350 51.

359 2464 432 2528 De
454 2463 625 2562 ratione
646 2483 734 2546 qua
754 2465 863 2529 flunt
884 2465 1327 2531 Commemorationes

372 2643 428 2708 10.
456 2641 784 2710 Commemorationes
808 2654 948 2728 aguntur
971 2645 1032 2710 hoc
1063 2644 1179 2711 modo:
1206 2645 1283 2711 Post
1307 2642 1386 2712 Ora-

318 2737 430 2798 ionem
456 2730 529 2806 diei,
545 2732 578 2796 in
593 2730 744 2817 Vesperis
768 2733 886 2798 dicitur
909 2733 1092 2819 Antiphone
1116 2755 1186 2820 quae
1212 2735 1316 2821 posita
1340 2743 1390 2801 est

319 2821 340 2886 d
358 2818 559 2906 Mopnificat‚
575 2827 607 2884 ot
630 2820 662 2884 in
679 2820 841 2887 Laudibus
859 2842 930 2907 quae
953 2823 1058 2907 posita
1083 2831 1132 2888 est
1149 2822 1190 2888 ad
1205 2823 1389 2890 Benedictus

318 2931 333 2974 1
358 2907 535 2972 Communi
558 2906 604 2994 (si
629 2910 757 2993 propria
782 2909 1098 2995 desitl'conveniens
1115 2910 1221 2986 Festo,
1239 2912 1330 2997 cujus
1351 2913 1387 2977 tit

320 2996 585 3062 cmmemoratio.
602 2993 684 3059 Tum
707 2996 899 3082 Antiphone
923 2997 1093 3083 subjicitur
1109 2999 1149 3081 1.,
1166 2999 1239 3065 inde
1264 3019 1390 3066 sumeu-

318 3104 365 3151 us
388 3082 477 3148 unde
509 3089 637 3169 sumpta
668 3084 945 3169 esbhutipbona,
978 3087 1101 3151 scilicet
1133 3095 1207 3172 post
1229 3087 1386 3174 hymnum

318 3171 526 3256 lesperarum
550 3179 581 3235 ct
604 3170 770 3245 Laudum;
796 3171 911 3237 debinc
944 3171 1053 3238 Oratio
1079 3174 1205 3240 dicitur.
1231 3173 1265 3240 Si
1296 3176 1387 3241 Anti-
1475 3238 1482 3243 .

318 3258 441 3345 iphona
465 3258 539 3340 611
563 3258 659 3334 Festi,
684 3259 775 3344 eujus
800 3262 1063 3325 commemoratio
1087 3263 1205 3345 agitur,
1223 3269 1331 3327 extent
1355 3264 1388 3328 in

319 3346 421 3412 odem
445 3343 625 3423 Communi,
642 3365 680 3412 ex
704 3367 767 3432 quo
791 3357 920 3434 sumpta
943 3357 1019 3414 sunt
1042 3369 1100 3434 pro
1119 3347 1230 3415 Officio
1256 3348 1328 3422 dici;
1353 3351 1387 3415 in

318 3433 402 3501 testo
427 3434 595 3500 variantur
617 3435 808 3521 Antiphone
836 3444 869 3502 et
891 3436 950 3518 pipi,
975 3444 1071 3521 atque
1100 3437 1132 3500 in
1156 3435 1307 3521 Vesperis
1331 3456 1383 3501 su-

318 3530 440 3589 uuntur
457 3520 576 3586 ibidem
588 3542 627 3588 ex
638 3522 812 3599 Laudibus,
825 3543 863 3589 ac
879 3524 1021 3589 vicissim
1039 3525 1070 3588 in
1088 3522 1250 3588 Laudibus
1267 3542 1305 3587 ex
1322 3526 1387 3608 pri·

318 3613 366 3677 nis
381 3609 547 3694 Vesperis,
570 3611 633 3675 nisi
657 3612 751 3676 aliter
774 3610 970 3695 designetur.
994 3611 1091 3675 liuor.
1116 3611 1163 3675 tit.
1189 3612 1208 3676 9
1233 3633 1263 3675 o.
1289 3611 1319 3676 8.
1345 3615 1386 3678 At

320 3699 332 3763 i
355 3697 422 3765 duo
446 3695 543 3763 Festa
567 3696 617 3763 Ss.
640 3697 816 3765 Doctorum
841 3700 938 3764 simul
963 3705 1168 3773 concurrant,
1199 3699 1386 3786 Antiphone

318 3806 365 3852 tro
390 3787 699 3852 commemoratione
722 3787 936 3873 praecedentis
960 3807 1023 3852 non
1052 3783 1239 3873 accipienda
1263 3788 1326 3853 erit
1349 3809 1388 3855 ex

318 3873 482 3950 laudibus,
507 3873 563 3938 sed
588 3894 626 3939 ex
642 3874 792 3961 Vesperis
808 3876 899 3961 ipsiS,
916 3894 1034 3960 nempe
1050 3875 1134 3940 Dum
1159 3875 1386 3953 66161,Α616111

318 3963 355 4029 ’61
378 3961 443 4028 Hie
465 3961 516 4027 uir
527 3962 618 4047 juxta
634 3963 719 4028 Festi
736 3965 935 4049 qualitatem.
954 3962 1050 4028 liobe.
1066 3963 1168 4051 pecul.
1186 3987 1217 4030 o.
1236 3963 1288 4030 61.
1307 3963 1386 4029 liur-

320 4070 377 4120 um
401 4051 431 4117 si
454 4050 488 4118 in
505 4047 616 4119 Officio
640 4049 673 4118 S.
698 4051 899 4121 Conlessoris
916 4058 1186 4122 commemoretur
1210 4051 1278 4120 dies
1301 4047 1385 4118 intra

422 4130 442 4204 6
