3484 4875
454 493 517 559 ota
678 509 900 557 innocencius
915 508 945 553 m
961 507 1051 553 casm
1066 506 1242 552 sarracenis

474 636 504 681 n.
529 615 549 679 2
573 622 605 679 et
627 634 716 700 seqq.
741 623 904 681 ostensum
928 621 986 679 est.
1009 613 1051 679 at
1081 615 1108 679 si
1129 611 1224 677 lrodie
1254 610 1350 676 Neria
1374 605 1486 691 incidat

473 704 523 769 vel
547 703 721 769 Sabbatum
744 702 888 782 Quatuor
903 703 1106 792 Temporum,
1128 702 1295 767 Lectiones
1319 698 1417 784 primi
1433 696 1484 761 No-

475 793 579 858 cturni
603 802 677 858 sunt
700 792 828 859 Fratres
851 793 1017 870 debitores,
1041 793 1101 856 nisi
1125 796 1271 877 oporteat
1294 786 1411 874 reponi
1432 784 1485 849 lni-

477 881 556 946 tinm
580 881 653 946 libri
676 882 804 956 Tobiae,
828 901 864 946 ac
889 900 971 946 nona
994 882 1100 947 Lectio
1123 880 1276 945 recitatur
1301 876 1342 942 de
1367 874 1487 939 homilia

475 968 574 1034 Feriae
599 970 740 1048 Quatuor
763 970 972 1055 'lemporum,
996 980 1089 1055 atque
1114 967 1206 1053 liujus
1230 963 1487 1032 commemoratio

476 1058 659 1142 adjungitur
682 1062 712 1124 in
735 1059 897 1123 Laudibus
921 1066 952 1122 et
975 1060 1069 1124 blissa
1093 1077 1164 1122 cum
1187 1057 1256 1143 ejus
1274 1052 1447 1138 Evangelio
1462 1051 1488 1114 in

475 1146 580 1211 blissae
603 1147 685 1223 fiue;
710 1148 748 1212 de
771 1148 885 1231 Vigilia
909 1157 1015 1214 autem
1046 1147 1210 1212 dumtaxat
1232 1139 1488 1209 commemoratio
1525 1215 1526 1224 ἵ

476 1234 510 1298 in
534 1234 627 1301 llissa
650 1238 756 1321 agitur
779 1245 851 1321 post
875 1235 974 1301 Feriae
998 1234 1348 1304 commemorationem:
1372 1230 1488 1295 demun
1525 1257 1526 1262 ¹

478 1322 560 1387 liinae
585 1325 786 1391 celebrantur
810 1324 913 1389 blissae
937 1325 1187 1399 conventuales,
1219 1329 1316 1405 atque
1342 1322 1375 1385 in
1399 1319 1487 1384 altera

480 1420 604 1478 tantum
627 1413 665 1479 de
689 1414 780 1479 Neria
803 1411 837 1476 lit
862 1414 1120 1479 commemoratio
1136 1412 1269 1494 Vigiliae.
1288 1408 1423 1473 Percide
1445 1405 1486 1469 ilc·

477 1522 550 1564 roro
573 1525 598 1567 c.
617 1503 635 1566 8
659 1526 690 1568 o.
713 1503 734 1567 2
757 1511 785 1565 et
807 1522 888 1587 seqq.
913 1502 947 1567 Si
970 1502 1085 1567 alicubi
1110 1500 1202 1565 hodie
1225 1497 1360 1563 testum
1385 1495 1489 1561 colitur

480 1588 596 1674 duplex
618 1594 730 1676 primae
754 1592 888 1666 classis,
912 1591 950 1655 de
973 1591 1086 1674 Vigilia
1109 1588 1186 1655 nihil
1210 1607 1347 1673 prorsus
1373 1585 1417 1650 lit.
1441 1582 1489 1648 lle·

482 1675 546 1763 lepe
569 1679 650 1764 qnod
672 1679 916 1769 parcenao-unionis
939 1681 993 1745 sub
1016 1680 1065 1744 die
1087 1679 1128 1744 25
1153 1676 1243 1742 Febr.
1268 1697 1298 1739 o.
1328 1674 1413 1739 Vlll.

525 1766 563 1830 ll.
598 1767 654 1833 Ubi
685 1769 716 1832 S.
748 1767 937 1833 Eustachius
968 1777 1016 1833 est
1047 1767 1228 1854 principalis
1260 1764 1423 1828 Patronus
1450 1764 1491 1827 cel
1523 1777 1526 1852 ι’

482 1852 644 1933 Titnlaris‚
669 1857 711 1921 ibi
729 1877 746 1922 a
763 1857 865 1921 Sociis
889 1857 1075 1943 sejungitur,
1099 1856 1229 1941 ejusque
1246 1849 1396 1918 Olliclum
1421 1871 1492 1917 soor·

484 1944 544 2009 sirn
569 1946 781 2029 persolvitur,
806 1945 894 2010 utin
917 1946 1082 2011 Communi
1107 1945 1197 2009 utrius
1222 1942 1375 2028 Martyris
1400 1942 1489 2026 prino

484 2033 565 2108 loco,
583 2043 699 2118 praeter
715 2034 881 2099 Lectiones
904 2037 998 2121 primi
1014 2033 1165 2100 Nocturni
1189 2051 1259 2117 quae
1283 2038 1363 2095 sunt
1378 2028 1489 2094 Fratres

485 2120 656 2198 debitores,
691 2132 722 2187 et
756 2122 887 2187 secundi
921 2144 991 2209 qnae
1025 2129 1175 2210 petuntur
1204 2141 1221 2185 e
1251 2118 1420 2183 Breviorio
1446 2117 1487 2182 liae

484 2212 554 2297 ipsa
579 2209 638 2276 die.
664 2210 758 2275 blissa
782 2220 831 2276 est
853 2209 889 2275 lo
912 2213 1043 2287 uirtute,
1073 2209 1279 2292 Evangelium
1303 2208 1444 2272 sumitur
1462 2224 1489 2270 et

484 2300 581 2364 llissa
601 2295 714 2365 Stotoit
739 2298 776 2364 de
801 2299 914 2366 codem
937 2301 1111 2366 Communi.
1136 2298 1219 2363 Socii
1243 2316 1345 2381 porro
1371 2291 1490 2361 transie-

484 2396 599 2455 cuntur
623 2389 655 2455 in
679 2386 762 2454 diem
786 2391 963 2474 proximam
986 2410 1056 2476 qua
1079 2409 1142 2455 non
1165 2384 1379 2470 impediatur,
1403 2392 1433 2450 et
1452 2402 1489 2449 co·

487 2478 595 2543 luntur
619 2480 683 2543 ritu
706 2478 906 2564 semiduplici
932 2500 987 2566 per
1010 2477 1152 2544 Ollicium
1183 2475 1402 2561 plurimorum
1425 2472 1489 2537 blar-

488 2576 592 2653 tyrum
616 2569 718 2652 primo
743 2567 837 2642 loco,
868 2568 924 2632 sed
947 2568 1111 2633 Lectiones
1135 2565 1218 2633 tertii
1242 2561 1404 2629 Nocturni
1430 2562 1489 2626 hau·

484 2657 611 2720 riuntur
633 2677 650 2721 e
673 2655 812 2720 secundo
836 2655 918 2722 loeo.
936 2657 1029 2722 bliasa
1053 2664 1101 2720 est
1123 2651 1318 2743 Sapientiam
1341 2673 1379 2718 ex
1396 2649 1491 2716 eoden

486 2745 661 2809 Communi.
685 2744 715 2808 S.
742 2742 776 2808 R.
804 2743 836 2808 0.
860 2745 902 2810 22
935 2744 1010 2810 Noo.
1036 2743 1120 2810 lool
1151 2746 1183 2806 io
1214 2740 1358 2806 barensi.
1384 2738 1493 2823 Perlepo

488 2853 608 2917 qnoque
631 2855 656 2898 c.
680 2832 701 2896 2
724 2855 753 2896 a.
778 2831 819 2897 26
845 2845 873 2905 et
897 2832 948 2898 30.

443 2907 496 2984 tl,
519 2921 663 2986 —Cum
688 2919 814 2985 Nestum
838 2919 871 2987 S.
896 2921 1035 2987 Matthaei
1058 2918 1200 3007 Apostoli
1227 2917 1343 2982 incidit
1366 2917 1400 2982 in
1424 2914 1492 2996 Qua·

490 3018 560 3074 tuor
583 3008 740 3095 Tempora
770 3010 820 3074 rel
850 3010 883 3074 in
906 3009 1124 3084 llominicam,
1160 3027 1197 3073 cn
1231 3013 1348 3071 octava
1372 3013 1405 3070 et
1427 3021 1495 3070 nona

488 3096 637 3163 Lectione
658 3098 749 3162 unica
772 3096 938 3174 conllatur,
955 3120 992 3164 ac
1012 3116 1093 3164 nona
1111 3095 1216 3161 Lectio
1240 3103 1289 3159 est
1315 3093 1357 3159 de
1381 3092 1495 3159 homilia

488 3185 587 3251 Fcriae
611 3188 660 3253 uel
684 3186 877 3262 llominicae,
910 3188 998 3275 quus
1029 3187 1177 3252 nimirum
1205 3181 1495 3249 commemorationi

490 3275 584 3341 datur
607 3277 696 3341 locus
719 3276 750 3339 in
775 3275 935 3341 Laudibus
957 3285 990 3342 et
1014 3275 1106 3342 llissa
1124 3290 1195 3339 curn
1219 3272 1322 3357 ipsius
1340 3269 1497 3355 Evangelio

490 3367 521 3430 in
544 3364 647 3428 lllissaa
670 3364 745 3436 line3
767 3364 924 3430 sedenim
949 3366 979 3431 in
1003 3365 1102 3451 priori
1120 3382 1196 3428 casu
1213 3361 1283 3427 duae
1309 3360 1416 3425 blissre
1433 3361 1496 3424 Con·

489 3454 652 3518 ventuales
677 3452 835 3605 dipuirtur,
852 3474 922 3538 quae
939 3453 1097 3541 quomodo
1121 3448 1405 3525 ordinandaesint,
1422 3454 1495 3536 patet

491 3542 677 3607 cxclln.
746 3549 888 3608 etse.

448 3614 501 3696 Ἠ.
525 3667 569 3679 -
592 3630 615 3696 l.
640 3631 673 3695 Si
705 3561 997 3713 qoanochtnetum
1029 3628 1062 3696 S.
1086 3629 1214 3694 Thomae
1238 3645 1256 3691 a
1278 3624 1452 3692 Villanova
1477 3622 1500 3686 in

492 3718 634 3798 Quatuor
656 3719 812 3801 Tempora
836 3721 1022 3796 occurrerit,
1045 3718 1210 3784 Lectiones
1232 3715 1332 3798 primi
1356 3709 1499 3781 Nocturni

492 3816 564 3873 sunl
581 3806 696 3872 Fidelis
718 3825 829 3881 sermo,
852 3820 883 3877 et
906 3830 987 3876 nona
1011 3808 1118 3873 Lectio
1141 3801 1306 3871 recitanda
1324 3814 1376 3870 est
1401 3804 1440 3869 de
1460 3801 1500 3867 bo

494 3897 581 3961 milia
602 3895 724 3969 Nerio,
755 3914 827 3960 cum
850 3899 943 3985 hujus
967 3893 1268 3963 commemoratione
1293 3891 1326 3956 in
1351 3891 1500 3958 Laudibus

494 3994 527 4050 ct
550 3985 643 4049 blissa
667 3991 762 4068 atque
785 3984 955 4074 Evangelio
979 3987 1010 4052 in
1033 3985 1136 4051 blissaa
1159 3982 1241 4054 linc;
1274 3977 1362 4046 binae
1387 3979 1502 4047 landen

495 4073 598 4140 blissre
617 4073 846 4140 Conventuales
869 4076 1082 4151 celebrantur,
1098 4091 1176 4160 quas
1200 4069 1261 4136 rite
1283 4069 1455 4138 ordinabis
1468 4061 1502 4135 nti
