3484 4875
436 483 501 550 tte
689 504 782 552 carun
798 504 863 550 vnn
883 503 921 549 nn
937 502 1035 552 uissis
1053 504 1218 553 conminus

409 611 544 697 propria
568 610 698 687 dcitur,
722 612 750 677 si
774 610 868 686 adsit,
893 617 925 676 et
948 611 980 677 in
1005 611 1065 678 line
1081 612 1295 697 Evangelium
1311 612 1343 681 S.
1359 613 1457 680 loannis

409 698 446 764 lu
468 698 631 787 principio
655 706 716 765 etc.
734 698 832 764 lacer.
850 701 895 764 tit.
914 699 933 764 8
950 722 980 765 u.
997 701 1030 776 4,
1048 702 1093 766 tit.
1113 702 1165 779 ll,
1184 700 1231 767 u't.
1253 702 1295 769 lt
1311 726 1342 769 n.
1357 704 1378 768 4
1396 702 1459 768 ellit.
1505 692 1512 756 Ι

411 787 452 851 lo
475 809 507 852 n.
524 787 555 852 7.
580 786 676 852 Missa
698 787 768 852 hac
785 788 909 852 cantari
928 795 1033 873 potest
1049 788 1186 873 singulis
1204 789 1332 868 diebus,
1356 791 1462 877 demptis
1508 846 1511 877 p

411 873 594 960 duplicibus
617 876 732 960 primae
755 876 887 953 classis,
912 874 1086 942 Dominicis
1112 876 1188 942 item
1212 879 1332 964 primae
1363 880 1464 954 classic,
1505 873 1511 960 *j

410 962 504 1028 Feria
528 962 570 1028 IV
593 961 754 1038 cinerum,
779 970 846 1028 tota
870 962 985 1048 majori
1008 963 1218 1030 Hebdomada
1244 975 1279 1033 et
1293 966 1467 1051 Vigiliislia

412 1050 545 1116 tivitatis
570 1050 694 1116 Domini
719 1058 751 1116 et
774 1050 992 1118 Pentecostes.
1015 1052 1048 1117 S.
1075 1052 1110 1117 R.
1137 1053 1169 1119 0.
1200 1052 1245 1119 27
1279 1054 1376 1121 Mart.
1406 1051 1467 1121 itit

410 1140 443 1202 in
466 1159 530 1202 uon
557 1138 630 1204 Ord.
654 1139 731 1204 Min.
756 1138 895 1224 Reform.
920 1139 962 1204 od
984 1138 1038 1205 ld.
1063 1138 1168 1218 Quum
1192 1161 1296 1227 porro
1324 1142 1471 1224 lleoretm¹

410 1225 471 1291 lioo
494 1226 624 1292 Missam
648 1226 808 1312 ejusmodi
831 1229 1009 1313 expressim
1025 1229 1195 1312 permittat
1211 1228 1330 1296 diebus
1347 1229 1473 1296 omnen
1510 1289 1511 1300 ,

411 1321 531 1400 praeter
553 1313 613 1380 hos
637 1321 806 1401 exceptos,
830 1314 952 1380 ideirco
976 1313 1064 1381 nulla
1088 1316 1119 1380 vi
1142 1316 1246 1401 pollet
1270 1317 1335 1383 hoc
1359 1318 1425 1385 loco
1440 1335 1473 1383 re

412 1402 488 1484 gula
511 1400 687 1468 Gardellini
711 1422 784 1468 mox
808 1422 840 1466 n.
866 1402 907 1468 lo
932 1402 1131 1487 explicanda.
1156 1401 1191 1467 Si
1215 1406 1363 1492 exceptis
1384 1405 1470 1471 dielioc

411 1489 507 1555 llissa
532 1491 648 1565 votiva,
665 1491 704 1555 ab
729 1489 899 1555 Ordiuario
916 1488 992 1555 Loci
1008 1491 1058 1556 vel
1080 1491 1124 1556 Su
1149 1492 1256 1557 eriore
1274 1492 1470 1560 Generalianl
1510 1553 1511 1561 ,

411 1577 605 1642 Provinciali
628 1579 846 1664 praecipiatur,
865 1577 923 1643 illa
945 1579 1008 1643 erit
1031 1577 1070 1643 de
1095 1511 1205 1643 udicio
1230 1582 1389 1658 currenti,
1426 1580 1478 1652 ‘uu
1510 1607 1511 1611 ¹

411 1684 473 1750 quie
489 1663 633 1729 Orationi
650 1666 709 1730 snb
727 1665 934 1731 conclusione
958 1666 1051 1731 unica
1068 1663 1178 1730 Oratio
1204 1600 1469 1753 adJungetnrdln

412 1770 456 1817 sce
482 1752 604 1820 votivae.
628 1753 660 1818 S.
685 1753 721 1818 R.
749 1752 781 1818 C.
807 1752 848 1817 lt
871 1753 912 1818 Se
937 1763 957 1818 1.
985 1752 1068 1818 1767
1097 1754 1130 1817 in
1164 1752 1363 1821 Urbevetouo
1393 1753 1468 1821 elil

411 1840 506 1905 illari.
532 1841 617 1906 1775
642 1842 673 1905 in
695 1862 759 1905 uim
786 1840 860 1906 Ord.
913 1840 1133 1905 ormelitorum
1154 1839 1268 1907 Eoeool.
1294 1843 1339 1908 od
1362 1843 1392 1910 7.

531 2020 596 2084 llo
630 2018 766 2085 Missa
803 2018 952 2084 votiva
987 2018 1063 2084 SS·
1103 1988 1382 2085 §ceramensi
1469 2031 1472 2036 ’

602 2143 683 2207 pro
704 2123 962 2190 moratione
982 2122 1059 2189 XL
1080 2122 1296 2189 horarum

480 2278 512 2344 9.
536 2276 633 2343 Missa
656 2275 762 2341 votiva
787 2274 942 2341 solemnis
966 2273 1004 2339 de
1028 2271 1085 2339 SS.
1103 2271 1329 2357 sacramento,
1347 2287 1472 2360 cumpro

415 2365 602 2431 adoratione
625 2362 678 2430 xt
702 2363 857 2429 horarum
881 2362 1052 2451 exponitur
1075 2381 1113 2426 ac
1136 2361 1325 2447 reponitur,
1350 2382 1409 2429 neo
1427 2377 1474 2427 non

412 2455 509 2521 llissa
533 2474 604 2540 qua
627 2453 816 2519 intermedia
842 2453 894 2518 die
917 2470 976 2537 pro
1000 2470 1079 2537 pace
1104 2450 1221 2516 dicitur
1237 2452 1289 2516 vel
1307 2452 1372 2517 alia
1386 2466 1473 2517 neon·

414 2542 510 2610 sitate
533 2542 668 2608 arbitrio
691 2540 853 2628 Episcopi,
877 2539 1070 2605 celebranda
1102 2544 1152 2604 est
1182 2557 1258 2604 eum
1294 2539 1403 2604 Gloria
1430 2544 1475 2602 eto.

414 2633 460 2698 uti
491 2652 523 2696 n.
548 2630 567 2697 8
592 2629 631 2695 de
667 2630 763 2695 llissa
787 2650 845 2716 pro
869 2649 906 2694 re
941 2629 1031 2712 gravi
1055 2627 1333 2714 praemonuimus:
1371 2623 1476 2695 sedin

415 2719 511 2785 Missa
538 2738 596 2803 pro
620 2738 699 2803 pace
722 2718 782 2783 sub
806 2718 901 2783 unica
926 2716 1132 2782 conclusione
1156 2713 1290 2781 additur
1314 2712 1423 2781 Oratio
1449 2708 1476 2776 de

416 2805 473 2870 SS.
498 2805 728 2880 Sacramento;
765 2814 879 2873 neutra
903 2813 1009 2871 autem
1038 2804 1134 2869 Missa
1164 2804 1236 2868 cani
1267 2810 1402 2889 potest,
1432 2796 1477 2866 nist

415 2893 572 2976 expositio
597 2893 652 2959 diu
675 2902 835 2980 noctuque
856 2893 978 2980 jugiter
1000 2893 1163 2979 perduret.
1188 2891 1220 2956 S.
1238 2890 1275 2956 R.
1297 2890 1330 2956 0.
1350 2891 1393 2957 12
1411 2889 1477 2978 Sept

418 2980 503 3046 1840
527 2980 559 3047 io
581 2981 718 3067 Brotpeu.
742 2983 784 3046 ad
807 2983 826 3048 d
851 2991 881 3047 et
908 2979 1080 3047 Gardellioi
1102 2979 1223 3045 inlust.
1249 2977 1400 3044 clement.
1414 2970 1477 3067 §ll

414 3091 445 3136 n.
461 3069 493 3134 4.
518 3067 587 3148 Quo
612 3090 689 3136 casu
712 3077 883 3156 utramque
907 3069 1065 3135 celebrari
1081 3067 1280 3153 permittitur
1296 3066 1331 3132 in
1348 3066 1418 3134 dies
1431 3069 1479 3131 sin·

415 3159 520 3242 gulos,
538 3159 679 3244 exceptis
695 3159 883 3244 duplicibus
900 3177 938 3223 ac
955 3156 1129 3222 Dominicis
1152 3155 1266 3240 primae
1290 3163 1325 3219 et
1348 3150 1479 3221 secunda

416 3247 541 3323 classis,
565 3247 658 3313 lleria
682 3246 723 3312 lV
747 3246 907 3322 Cincium,
925 3253 993 3311 tota
1014 3244 1129 3330 majori
1145 3241 1369 3318 Hebdomada,
1386 3240 1479 3308 dielios

414 3333 499 3403 inira
514 3332 651 3403 Oetaeas
668 3335 887 3420 privilegiatos
903 3333 1099 3419 Epiphaniae,
1113 3330 1280 3397 Paschatis
1298 3339 1333 3396 et
1344 3330 1478 3398 Pontem

414 3433 491 3500 stes,
514 3443 639 3490 necnon
656 3423 782 3507 Vigiliis
805 3422 987 3488 Natiuitatis
1004 3420 1130 3484 Ilomini
1153 3425 1186 3484 et
1207 3418 1427 3485 Pentecosten.
1441 3412 1478 3481 lo·

415 3512 544 3577 structio
560 3512 655 3578 Olem.
668 3509 692 3599 S
706 3511 747 3576 lt
761 3519 790 3576 et
803 3510 855 3576 15.
869 3509 965 3574 Hisce
976 3528 1074 3594 porro
1088 3506 1230 3592 exceptis
1243 3505 1359 3572 diebus
1372 3505 1480 3572 canitur

416 3598 513 3663 llissa
537 3598 577 3665 de
600 3600 670 3675 die,
693 3600 786 3684 eique
809 3597 960 3683 adjicitur
983 3597 1042 3661 suli
1067 3615 1130 3660 una
1155 3594 1363 3660 conclusione
1387 3588 1477 3660 Oratio
1509 3612 1511 3629 =

415 3683 521 3750 Missae
543 3689 668 3762 votivae,
693 3686 808 3751 dehinc
832 3685 892 3750 snb
916 3683 1122 3748 conclusione
1139 3681 1292 3747 distincta
1308 3682 1382 3747 alia
1398 3678 1476 3765 agdo·

417 3779 471 3837 tun
494 3774 816 3839 commemorationes
833 3779 1060 3846 occurrentes:
1078 3778 1222 3836 ceterum
1242 3770 1298 3835 illa
1316 3769 1477 3835 celebratur

418 3878 492 3923 cum
515 3861 565 3925 vel
589 3862 710 3944 alisque
737 3860 845 3926 Gloria
868 3867 902 3925 et
927 3857 1036 3934 Credo,
1061 3865 1158 3942 prout
1181 3856 1263 3922 ritus
1296 3864 1329 3923 et
1360 3853 1475 3944 qualitas

417 3946 523 4102 lllispae
537 3946 614 4102 added
632 3947 773 4034 exigunt.
797 3947 870 4014 lost.
897 3947 917 4014 1.
942 3945 992 4014 cit.
1018 3956 1046 4012 et
1074 3943 1246 4012 Gardellioi
1268 3944 1386 4011 ibidem
1407 3938 1428 4030 §
1446 3931 1473 4002 11

418 4057 449 4101 a.
519 4056 535 4099 e
617 4086 624 4104 .
