3484 4875
562 496 786 544 nnnornrrours
803 497 833 543 m
848 496 940 542 rnsrn
955 494 1119 542 uscsunms
1290 473 1358 540 tot

350 604 624 667 commemoratio
649 601 750 687 (ante
780 604 916 668 alteram
938 598 1145 687 Natiuitatis)
1169 599 1274 664 locum
1299 598 1382 663 obti-

345 696 404 753 net
427 689 461 753 in
484 690 630 775 utrisque
652 690 815 776 Vesperis,
838 689 999 755 Laudibus
1024 696 1056 754 et
1079 688 1185 762 blissa,
1203 707 1275 751 cum
1299 705 1383 750 nona

346 775 504 841 Lectione
537 777 576 842 de
600 778 732 843 homilia
756 779 797 843 ad
820 778 1031 851 Matutinum,
1064 784 1096 840 et
1118 774 1289 858 Evangelio
1322 774 1381 838 sub

345 863 448 929 finem
471 864 586 931 blissa'e.

395 951 433 1017 V.
458 952 495 1016 ln
519 961 586 1018 tota
610 953 780 1038 Hispania,
805 952 932 1036 quando
956 951 1086 1016 Festum
1110 950 1142 1015 S.
1166 950 1297 1013 Thomna
1320 948 1380 1012 sub

344 1040 415 1103 ritu
445 1040 646 1127 semiduplici
678 1040 791 1106 incidit
814 1042 845 1104 in
870 1039 1091 1114 Dominicam,
1124 1036 1316 1103 transfertur
1349 1037 1381 1099 in

343 1126 500 1209 Vigiliam
522 1128 708 1214 llpipbaniae
728 1129 819 1213 juxta
843 1128 1045 1213 priuilegium
1070 1146 1256 1191 concussum
1274 1146 1292 1188 a
1309 1123 1383 1187 Gre-

345 1216 443 1297 gorio
466 1214 534 1279 XV.
558 1216 678 1301 Suapte
702 1217 787 1282 enim
811 1223 926 1280 natura
951 1216 1152 1300 priuilegium
1180 1213 1266 1278 istud
1291 1212 1382 1276 mini·

343 1321 401 1366 mc
426 1301 590 1367 sublatum
614 1312 663 1369 est
685 1325 744 1389 per
767 1304 947 1389 posteriora
964 1303 1110 1376 Derrreta,
1134 1302 1249 1386 quibus
1273 1300 1382 1364 Festo·

345 1408 425 1454 rum
449 1390 639 1474 prohibetur
671 1393 840 1456 translatio
873 1391 913 1455 od
944 1411 1061 1456 annum
1095 1391 1325 1473 insequentem.
1350 1388 1381 1451 S.

343 1476 386 1540 R.
408 1459 441 1539 d.
467 1476 509 1542 10
533 1480 625 1567 Sept:
640 1480 726 1544 todo
750 1479 782 1543 in
798 1478 956 1543 Matriten.
980 1478 1021 1541 od
1045 1478 1075 1541 2.
1093 1478 1125 1540 ln
1151 1475 1283 1562 praelata
1306 1495 1382 1539 uero

344 1562 467 1647 Vigilia
490 1568 679 1651 reponitur,
704 1568 778 1651 qnia
803 1566 870 1630 dies
895 1566 1071 1650 trigesima,
1089 1585 1159 1649 quae
1184 1564 1259 1628 alibi
1283 1582 1384 1627 uacua

346 1659 411 1725 est,
430 1652 497 1717 illic
513 1654 686 1738 impeditur
703 1654 797 1719 Festo
815 1653 1048 1719 Translationis
1067 1651 1383 1736 Sdacobidpostoli.

328 1737 355 1803 l.
383 1774 430 1785 -
453 1739 477 1803 l.
502 1739 536 1804 Si
560 1741 654 1806 bodie
678 1741 775 1806 luerit
810 1741 992 1818 Donniuica,
1018 1742 1055 1806 de
1080 1760 1114 1805 ca
1141 1738 1285 1804 Officium
1310 1758 1381 1823 per·

344 1826 488 1890 soluitur
511 1836 546 1893 ut
577 1830 609 1892 in
634 1830 838 1894 Kalendario.
863 1829 943 1893 ltem
977 1832 1004 1894 si
1035 1829 1130 1894 bodie
1154 1848 1256 1913 neque
1288 1825 1384 1890 fuerit

344 1912 540 1991 Sabbatum,
564 1937 667 2001 neque
691 1917 822 1982 Festum
846 1916 878 1980 S.
903 1918 1033 1983 Tbomae
1058 1919 1089 1981 in
1116 1916 1312 1980 Dominicam
1336 1915 1382 1978 in·

346 2000 489 2077 ciderit,
514 2002 659 2069 Officium
683 2004 778 2069 bodie
802 2006 908 2087 agitur
932 2006 970 2069 de
995 2006 1158 2069 llomiuica
1182 2003 1265 2068 inira
1289 2001 1381 2066 Octa·

345 2107 424 2152 uam
455 2088 648 2157 Natiuitatis.
673 2092 771 2157 uuor.
795 2092 885 2155 Breo.
912 2092 1002 2170 Quod
1031 2094 1056 2156 si
1081 2091 1197 2156 alicubi
1231 2097 1382 2153 occurrat

345 2175 446 2239 bodie
459 2176 589 2244 Festum
607 2180 724 2265 duplex
740 2181 836 2245 etiam
854 2180 965 2263 primun
983 2180 1105 2253 classis,
1125 2187 1191 2242 tum
1206 2197 1290 2245 vcro,
1310 2195 1383 2239 cum

344 2264 380 2327 in
407 2262 551 2331 Ecclesia
577 2269 723 2332 uniuersa
755 2267 810 2331 fiat
834 2266 873 2331 dc
898 2268 1060 2332 llominica
1093 2267 1158 2330 siue
1191 2273 1381 2348 occurrente

344 2350 417 2414 siue
440 2356 608 2431 translata,
626 2356 721 2442 hujus
745 2354 891 2419 habenda
909 2357 940 2419 in
965 2357 1035 2442 ipso
1052 2362 1101 2418 est
1118 2352 1380 2418 commemoratio

343 2440 380 2504 in
406 2441 552 2526 utrisque
575 2443 735 2529 vesperis,
759 2443 921 2508 Laudibus
946 2453 976 2509 ct
1000 2443 1105 2518 Missa,
1124 2462 1195 2507 cum
1220 2460 1303 2504 nona
1328 2439 1384 2504 Lc-

344 2528 457 2592 ctione
481 2529 519 2595 de
543 2530 673 2596 bomilia
697 2531 736 2597 ad
761 2532 962 2607 llatutinum,
989 2541 1019 2595 et
1043 2530 1184 2616 ejusdcm
1210 2528 1380 2610 Evangelio

344 2614 409 2679 sub
442 2616 537 2682 finem
560 2619 675 2684 llissae.
700 2621 731 2685 S.
757 2619 792 2684 R.
821 2620 852 2684 C.
878 2620 919 2684 ⁶28
952 2613 1046 2684 Mart.
1074 2608 1159 2683 1651
1191 2618 1221 2680 in
1249 2615 1381 2679 Trunca.

343 2701 408 2766 Ubi
433 2703 596 2771 Dominica
616 2708 683 2773 baec
707 2716 880 2772 concurrat
902 2708 934 2770 in
959 2707 1107 2771 secundis
1131 2706 1280 2790 Vesperis
1306 2723 1377 2768 cum

342 2789 444 2855 Festo
468 2791 586 2878 duplici
603 2798 715 2880 primm
738 2796 788 2860 uel
812 2795 961 2861 secundae
986 2797 1109 2870 classis
1128 2794 1166 2858 de
1184 2814 1219 2858 ea
1247 2812 1382 2857 commc-

345 2880 487 2944 moratio
512 2902 575 2947 non
600 2886 717 2967 agitur,
742 2886 815 2969 quia
839 2885 1025 2968 neutiquam
1050 2894 1099 2949 est
1122 2883 1335 2969 privilegiata.

391 2967 431 3031 ll.
456 2967 513 3032 llic
537 2970 596 3034 bac
622 2973 785 3054 trigesima
809 2971 995 3037 Decembris
1027 2974 1102 3038 licct
1126 2991 1280 3057 reponere
1305 2966 1378 3032 0111-

344 3055 435 3119 cium
459 3056 576 3141 duplex
601 3062 810 3135 translatum,
836 3061 963 3144 quinndo
989 3081 1081 3125 secus
1105 3063 1137 3124 in
1162 3080 1198 3124 ea
1223 3057 1380 3142 agendum
1500 3076 1503 3084 ’

344 3152 438 3208 esset
462 3144 501 3208 dc
526 3145 576 3210 die
600 3147 683 3212 inira
707 3146 860 3213 Octavam
884 3148 1086 3222 Natiuitatis,
1118 3168 1180 3211 non
1205 3166 1280 3209 uero
1306 3165 1379 3209 cum

344 3232 379 3294 in
406 3251 443 3296 ea
467 3233 694 3300 celebrandum
719 3243 767 3300 est
792 3235 831 3299 de
853 3236 1019 3300 [lominica
1050 3235 1132 3299 inira
1165 3233 1309 3297 earndem
1334 3231 1376 3296 0-

343 3326 496 3394 ctauam;
521 3332 618 3407 atque
643 3323 798 3408 ejusmodi
823 3324 874 3388 lex
898 3325 1004 3406 uiget,
1028 3322 1153 3386 etiamsi
1179 3320 1379 3405 priuilegium

342 3416 499 3491 suppetat
522 3412 695 3493 peragendi
713 3410 852 3495 duplicia
877 3411 1081 3474 translatam
1099 3407 1373 3491 semiduplicibus.

343 3494 377 3558 S.
397 3494 433 3559 N.
455 3495 486 3560 C.
505 3498 548 3562 bt
564 3499 647 3585 Sept.
668 3497 752 3563 tola
769 3498 880 3561 listune
902 3498 997 3561 Tertii
1015 3497 1087 3561 osu.
1106 3498 1136 3560 S.
1154 3494 1316 3558 Franciscu'
1332 3493 1373 3557 od

344 3581 366 3646 2
393 3593 422 3645 et
446 3583 487 3648 29
511 3585 621 3649 Martii
645 3586 726 3650 1851
753 3585 784 3648 in
807 3605 870 3647 uno
899 3584 1067 3649 multitu.
1089 3581 1355 3648 Cortueutnadc'um.

393 3669 447 3734 lll.
473 3670 506 3736 Si
530 3673 624 3737 bodie
656 3672 752 3738 luerit
775 3671 974 3749 Sabbatum,
999 3670 1144 3736 Officium
1176 3679 1225 3734 est
1258 3669 1296 3734 de
1329 3669 1379 3733 dic

343 3757 431 3824 inlra
449 3757 601 3824 Octavam
621 3760 813 3834 Natiuitatis,
831 3767 863 3823 ct
887 3762 917 3824 in
943 3761 1055 3844 primis
1071 3759 1220 3843 Vesperis
1244 3756 1276 3821 id
1301 3776 1379 3840 prac-

343 3854 453 3911 statur
477 3847 562 3932 quod
585 3848 654 3913 heri
679 3869 709 3912 n.
734 3847 762 3912 ll
787 3847 964 3912 docuimus.
982 3847 1029 3912 Ad
1053 3847 1243 3912 Matutinum
1268 3846 1373 3909 omnia

343 3936 576 4020 persolvuntur
599 3945 634 4000 ut
657 3936 708 4000 die
731 3935 925 4010 Natiuitatis,
950 3942 1066 4020 praeter
1091 3935 1262 4003 Lectiones.
1281 3933 1375 4016 primi

343 4031 379 4088 et
401 4025 534 4091 secundi
558 4023 712 4090 Nocturni
737 4044 808 4089 cum
834 4022 908 4110 NN·›
934 4044 1004 4109 quae
1029 4023 1178 4088 dicuntur
1201 4030 1237 4086 ut
1259 4021 1292 4085 iu
1315 4018 1375 4082 Do-
