3484 4875
426 481 492 550 tau
741 497 1145 547 immaraounorumnou

449 607 565 672 simale
588 613 621 672 et
643 606 820 682 Paschale‚
850 605 912 671 nisi
942 612 1093 670 occurrat
1117 602 1253 669 Festum
1286 611 1344 670 aut
1372 601 1467 670 Octan

451 695 595 779 gaudens
618 694 810 760 Praeiatione
839 694 993 780 propria,
1026 699 1135 759 annot.
1160 692 1193 757 io
1226 690 1315 757 festo
1340 690 1394 757 88.
1416 693 1468 758 Tri·

451 783 562 848 nitatis
586 801 617 847 n.
644 784 674 848 l.
1263 798 1269 806 ·

406 870 618 935 Praesentatio
640 870 674 934 B.
692 870 732 935 bl.
749 869 786 935 V.
808 869 863 934 ubi
886 867 1039 935 Octavam
1063 867 1198 941 obtinet,
1216 866 1332 934 adnot.
1348 869 1390 941 27
1411 868 1471 935 llor.

409 956 527 1021 Preces
540 959 572 1022 in
585 955 706 1023 Officio.
721 956 931 1036 Ouandonam
947 957 1126 1021 recitantur
1137 954 1372 1035 Dominicales,
1385 956 1472 1022 adnot

454 1044 496 1108 m
521 1044 592 1109 lan.
617 1065 648 1108 n.
673 1044 725 1110 Vl.
750 1042 883 1123 Quando
907 1052 940 1109 et
963 1042 1123 1129 quomodo
1146 1041 1294 1120 feriales,
1318 1044 1425 1110 adnot.
1443 1044 1475 1109 11

454 1130 548 1196 Febr.
566 1153 597 1197 u.
615 1131 654 1207 ΙΙ,
679 1140 711 1197 11
734 1140 842 1198 annot.
860 1133 893 1198 in
916 1130 1035 1210 Ouadr.
1060 1153 1092 1199 n.
1110 1130 1192 1212 5,‚in
1216 1130 1335 1197 Perias
1351 1131 1476 1219 Septem

455 1216 523 1282 bris
547 1240 579 1284 n.
603 1220 623 1284 b
648 1226 680 1283 et
703 1220 735 1283 in
759 1219 837 1285 ddv.
862 1240 894 1285 n.
920 1219 950 1285 6.

412 1305 513 1371 Primi
537 1314 569 1371 et
592 1306 744 1372 Feliciani
776 1306 851 1393 (Sa.)
875 1307 949 1372 blm.
974 1305 1120 1372 Officium
1152 1313 1246 1371 extra
1281 1315 1413 1393 tempus
1433 1308 1478 1371 Pa·

456 1393 566 1546 ppbale
589 1394 706 1478 gaudet
730 1395 843 1460 ultimo
859 1395 890 1481 d.
907 1393 983 1460 11111
999 1405 1043 1459 est
1065 1416 1139 1459 vero
1154 1392 1372 1472 Fraternitos,
1388 1395 1480 1461 adnot.

502 1481 587 1546 Junii
611 1503 642 1547 n.
667 1482 691 1547 l.

411 1568 579 1634 Prooessio
603 1568 660 1634 88.
678 1568 889 1636 sacramenti.
907 1568 989 1649 Quid
1013 1567 1172 1651 agendum
1189 1569 1218 1633 si
1236 1569 1310 1654 ejus
1336 1570 1388 1637 die
1403 1572 1483 1636 Festo

456 1656 527 1720 lieri
548 1666 696 1743 nequeat,
720 1666 829 1723 annot.
846 1658 878 1723 in
903 1658 987 1724 Fest.
1005 1656 1061 1722 88.
1079 1656 1172 1742 Corp.
1192 1656 1268 1721 Chr.
1289 1678 1323 1723 n.
1343 1660 1483 1744 51111

457 1752 490 1808 et
512 1745 672 1829 quomodo
696 1744 753 1810 88.
772 1746 1017 1811 Sacramentum
1040 1753 1090 1810 est
1113 1742 1342 1822 deserendum,
1358 1746 1433 1811 ibid.
1448 1749 1485 1811 dn

457 1849 586 1916 semper
602 1832 817 1899 adhibendum
838 1835 881 1899 sit
900 1833 1053 1909 Pluviale,
1070 1831 1145 1898 ibid.
1164 1830 1263 1918 Cujus
1290 1835 1413 1900 coloris
1428 1854 1486 1899 esse

460 1917 599 1983 debeant
622 1941 714 1985 sacra
738 1920 938 1996 Indumenta,
961 1921 1038 1985 ibid.
1055 1919 1189 1985 Admitti
1215 1929 1387 2004 nequeunt
1409 1922 1487 2007 pueri
1514 1975 1515 1989 .

458 2008 509 2070 vel
533 2008 649 2092 puella
672 2010 759 2073 varia
784 2010 934 2096 llysteria
958 2017 1018 2075 etc.
1042 2016 1334 2093 representantem
1358 2011 1433 2075 ibid.
1448 2012 1486 2074 An

459 2101 492 2158 et
515 2096 640 2180 quoties
669 2097 711 2162 sit
734 2097 958 2181 pausandum,
989 2105 1021 2162 et
1051 2095 1233 2162 benedictio
1258 2096 1485 2183 impertienda,

458 2181 535 2249 ibid.
561 2184 610 2249 An
642 2191 715 2269 post
738 2183 924 2252 Orationem
949 2184 1031 2250 Deos
1062 2184 1117 2269 qni
1145 2182 1234 2249 nobis
1267 2185 1349 2250 addi
1383 2193 1486 2272 queant

460 2270 532 2335 alia
556 2279 587 2338 et
612 2272 783 2356 quomodo,
799 2273 892 2347 ibid.;
911 2293 950 2339 an
975 2273 1071 2338 etiam
1089 2271 1213 2357 aliquot
1228 2270 1407 2350 Versiculi,
1422 2272 1484 2339 ibid.

459 2358 495 2423 ln
521 2368 594 2426 actu
618 2360 850 2426 benedictionis
874 2360 954 2426 nibil
978 2361 1106 2425 omnino
1130 2359 1263 2431 recitari
1289 2363 1343 2427 vel
1368 2363 1435 2427 cani
1456 2361 1484 2425 li·

460 2454 533 2523 cet,
556 2448 633 2515 ibid.
658 2449 708 2514 An
732 2457 808 2515 tunc
841 2448 898 2515 88.
923 2449 1168 2515 Sacramentum
1191 2449 1236 2513 sit
1260 2450 1483 2516 incensandum

460 2539 493 2599 e't
517 2555 535 2600 a
559 2556 633 2623 quo,
656 2537 733 2602 ibid.
758 2536 838 2602 Vide
860 2537 1039 2602 Benedictio
1064 2544 1095 2601 et
1116 2535 1298 2623 depositio.

416 2623 644 2691 Processiones
673 2623 867 2691 Sanctorum
899 2647 940 2690 an
971 2626 1038 2690 ficri
1071 2625 1197 2708 possint
1229 2625 1263 2688 in
1289 2623 1484 2692 Hebdomada

459 2712 585 2797 majori,
610 2720 718 2777 annot.
742 2714 774 2777 in
799 2712 869 2779 ead.
894 2712 993 2778 Hebd.
1018 2733 1049 2778 u.
1068 2713 1083 2777 l
1105 2718 1137 2776 et
1161 2711 1214 2785 11;
1233 2732 1276 2777 an
1303 2713 1346 2778 de
1369 2713 1423 2780 88.
1438 2712 1483 2778 81·

461 2809 649 2877 eramento,
673 2809 792 2886 praeter
824 2801 913 2866 illam
948 2801 987 2865 ab
1023 2799 1126 2866 ditari
1150 2797 1190 2863 ad
1215 2798 1386 2867 Sacellum
1408 2801 1484 2867 Perta

460 2888 571 2969 quinta
595 2891 627 2953 in
652 2887 747 2953 Goena
771 2888 919 2973 Domini,
952 2896 984 2953 et
1007 2908 1025 2953 a
1049 2886 1174 2954 Sacello
1200 2886 1241 2952 ad
1266 2888 1385 2955 Altare
1406 2889 1483 2954 Perta

461 2982 550 3039 sexta
574 2976 606 3041 in
629 2975 817 3051 Parasoeve,
841 2976 917 3042 ibid.
943 2996 974 3041 n.
1001 2977 1040 3041 ll
1067 2984 1099 3041 et
1124 2973 1175 3039 11.
1192 2974 1276 3041 Vide
1302 2977 1483 3064 Ropotionn,

459 3059 612 3147 Reliquiae
635 3070 667 3128 et
690 3064 811 3129 Statooe
832 3065 1031 3130 Sanctorum.
1167 3116 1171 3122 .

415 3148 505 3213 Proti
529 3159 561 3214 et
583 3151 752 3238 Hyacinthi
776 3149 851 3240 (Ss.)
867 3152 998 3218 Festum
1022 3152 1049 3216 si
1073 3159 1187 3235 agatur
1210 3151 1278 3217 ritu
1305 3152 1425 3241 duplici
1445 3150 1485 3214 vel

460 3238 677 3325 semiduplici,
702 3241 720 3304 O
745 3240 775 3326 id.
800 3247 869 3305 est:
894 3239 972 3305 Hoec
995 3249 1039 3304 est
1061 3260 1134 3303 cera
1154 3237 1380 3318 Frateroitos,
1403 3241 1485 3306 llissa

459 3325 551 3391 Solos
575 3337 690 3403 notent,
715 3326 884 3393 Orationes
908 3328 1060 3414 propria,
1084 3326 1192 3391 adnot.
1211 3327 1250 3391 11
1272 3325 1366 3414 Sept.
1388 3350 1418 3395 n.
1433 3327 1468 3392 ll.

416 3411 536 3477 Psalmi
549 3413 726 3482 Graduales
738 3421 771 3480 et
783 3415 1022 3481 Poenitentiales
1036 3414 1240 3500 quandonam
1253 3415 1290 3480 iu·
1301 3415 1407 3483 (thoro
1423 3420 1487 3480 sunt

460 3501 628 3577 recitandi,
653 3510 684 3568 et
708 3523 747 3568 an
772 3503 877 3567 omitti
901 3509 1030 3588 queant,
1055 3511 1163 3568 annot.
1187 3502 1222 3565 in
1247 3500 1370 3580 Quadr.
1394 3525 1425 3569 n.
1443 3502 1485 3566 lb.

416 3587 600 3654 Purificatio
617 3590 774 3665 11111,
792 3591 819 3656 si
835 3590 1040 3676 impediatur,
1058 3591 1091 3655 in
1109 3608 1206 3675 quam
1223 3589 1312 3656 diem
1330 3601 1380 3657 est
1396 3600 1487 3658 trans·

460 3674 614 3753 ferenda,
646 3677 754 3742 adnot.
779 3678 799 3742 1
823 3677 917 3743 Febr.
941 3699 973 3744 n.
997 3678 1036 3743 ll.
1060 3677 1110 3742 An
1143 3685 1221 3744 tuno
1248 3678 1432 3745 benedictio
1460 3686 1486 3741 et

462 3761 645 3830 distributio
670 3765 882 3832 Candelarum
906 3786 944 3831 ac
968 3767 1136 3831 Processio
1153 3766 1220 3831 sint
1235 3767 1338 3833 simul
1362 3764 1485 3835 transle-

461 3851 581 3927 rendoe,
604 3852 681 3918 ibid.
704 3874 736 3919 n.
761 3852 775 3917 l
799 3861 831 3917 et
854 3853 893 3919 ll.
918 3854 953 3920 Si
977 3852 1131 3920 Octavam
1155 3853 1287 3931 babeat,
1314 3857 1419 3922 omnia
1440 3874 1486 3919 su·

461 3946 594 4021 mantuo
616 3960 633 4005 e
657 3940 751 4008 Festo
776 3951 894 4027 preter
917 3942 1095 4020 Lectiones,
1121 3941 1231 4010 adnot.
1256 3944 1277 4009 9
1304 3943 1397 4012 Febr.
1417 3941 1487 4008 Vide

460 4023 639 4095 Benedictio
664 4028 884 4098 candelarum.
