3484 4875
353 497 419 565 514
632 510 1098 563 uunornrronusrnresrnsunrr

373 618 516 707 ejusdem
539 618 699 707 Vesperis,
722 620 882 687 Laudibus
905 610 1066 694 et'blissa,
1090 624 1123 684 et
1146 618 1291 706 adjicitur
1309 639 1364 705 quo·

375 728 437 795 que
460 727 543 774 nona
565 709 633 795 ejus
656 710 763 775 Lectio
786 709 950 775 extribus
974 707 1133 784 condeta,
1167 708 1228 773 nisi
1250 706 1366 774 Officiuu
1403 736 1422 777 r.

274 853 276 856 .
376 798 579 885 persolvatur
602 798 663 864 diei
686 796 768 864 infra
791 795 942 865 Octavam
959 796 1110 884 Corporis
1126 795 1245 861 Christi
1267 798 1313 862 vel
1330 797 1368 862 llo·
1403 807 1422 866 r*

321 940 324 944 ,
378 886 504 953 minicae
534 884 616 951 inlra
639 887 805 963 eamdem,
836 894 905 953 turn
936 887 1053 973 quippe
1077 905 1197 951 nonam
1219 886 1313 973 ipsius
1330 885 1368 951 be·
1404 917 1420 954 ,κ

380 975 519 1041 ctionem
542 977 698 1061 supprimi
720 983 892 1061 oporteret.

422 1063 461 1128 ll.
486 1061 520 1129 Si
542 1063 637 1129 hodie
660 1084 724 1129 non
746 1065 792 1134 sit
810 1064 986 1139 Dominica‚
1007 1082 1111 1150 neque
1134 1061 1267 1128 Festum
1288 1068 1371 1145 agatur
1404 1070 1422 1131 ζ

385 1151 503 1238 duplex
525 1154 636 1239 primae
659 1153 792 1230 elassis,
823 1174 906 1218 nona
930 1152 1038 1218 Lectio
1062 1159 1112 1217 est
1135 1150 1177 1217 de
1199 1150 1323 1217 homilia
1338 1148 1371 1212 li·
1405 1179 1422 1218 ·.·

382 1242 466 1325 giliae
489 1239 539 1305 Se.
556 1241 614 1327 Ap.
630 1241 717 1307 Petri
740 1249 771 1308 et
794 1241 895 1318 Pauli,
913 1242 1002 1329 cujus
1026 1241 1290 1306 commemoratio
1311 1238 1339 1303 tit
1352 1238 1372 1301 iu
1409 1267 1420 1276 ·

381 1327 542 1395 Laudibus
570 1339 602 1395 et
624 1330 719 1397 llissa
749 1351 821 1397 eum
853 1330 996 1417 ejusdem
1019 1328 1194 1412 Evangelio
1217 1328 1277 1394 sub
1299 1326 1372 1391 llirse
1416 1355 1422 1395 :

382 1417 499 1492 finem3
530 1417 586 1484 sed
613 1420 698 1485 enim
727 1419 759 1486 in
782 1419 933 1485 llcclesiis
962 1417 1209 1484 cathedralibus
1239 1424 1297 1482 etc.
1318 1414 1372 1480 cele
1419 1421 1422 1427 '

382 1504 610 1572 trancosum
641 1508 723 1574 binae
754 1509 857 1574 blissae
881 1507 1122 1573 Conventuales.
1148 1505 1198 1571 lta
1221 1520 1373 1591 quoquere
1417 1533 1422 1562 .·

384 1614 438 1661 res
462 1594 574 1671 habet,
598 1596 699 1662 sicubi
722 1595 867 1665 Officium
889 1597 1042 1661 recitetur
1064 1594 1104 1660 de
1128 1593 1182 1659 die
1204 1592 1289 1659 inira
1310 1590 1374 1657 Octt·
1417 1619 1422 1662 ¹.

383 1682 628 1835 hamqgwpm'is
645 1684 771 1753 Christi.
788 1684 918 1751 Percide
940 1706 1012 1771 quoe
1032 1704 1135 1773 nuper
1149 1682 1323 1748 monuimus
1338 1677 1374 1745 nl
1420 1710 1422 1713 ·

408 1770 435 1835 t'e
524 1794 554 1837 n.
578 1773 596 1837 1
618 1782 647 1839 et
668 1773 710 1841 11.
741 1813 743 1816 ·

342 1854 396 1926 88.
420 1894 464 1907 -
486 1857 510 1925 Ι.
533 1859 735 1950 vestudos.
752 1862 979 1949 Apostolorum
996 1860 1083 1926 Petri
1105 1866 1139 1924 et
1161 1859 1254 1926 Pauli
1270 1853 1376 1924 excludit

386 1946 608 2034 quodcumque
630 1951 717 2017 aliud
740 1970 922 2027 occurrens,
942 1950 970 2015 si
993 1947 1087 2015 modo
1112 1946 1246 2014 Festum
1269 1944 1376 2031 excipiat

385 2034 442 2102 88.
467 2036 577 2104 Cordis
599 2037 675 2105 Jesu
699 2041 753 2120 ubi
775 2040 941 2127 peragitur
972 2039 1030 2103 sub
1062 2038 1125 2102 ritu
1152 2037 1275 2123 duplici
1296 2034 1376 2121 priua

387 2126 498 2191 classis
522 2134 649 2193 etcum
680 2148 779 2216 prope
802 2128 966 2214 privilegio
995 2125 1150 2210 singulari
1176 2125 1272 2191 Festa
1301 2119 1377 2189 onnir

387 2216 568 2291 amovendi;
592 2237 654 2303 quo
679 2238 754 2284 casu
777 2218 915 2285 alterum
938 2215 987 2281 Se.
1011 2215 1244 2301 Apostolorum
1267 2213 1315 2278 die
1332 2226 1380 2297 pro

386 2303 471 2369 xime
494 2307 638 2391 sequenti
661 2304 744 2372 foret
766 2303 1004 2379 celebrandum,
1029 2304 1187 2369 translata
1211 2302 1379 2368 Comment-

388 2392 512 2459 ratione
535 2392 567 2461 8.
592 2395 682 2461 Pauli
705 2396 737 2463 in
760 2394 897 2482 primam
929 2393 1013 2460 diem
1037 2390 1119 2468 infra
1144 2390 1318 2466 Octavam,
1341 2401 1381 2452 nrt

388 2479 574 2560 heminton,
598 2506 656 2551 nec
679 2485 772 2550 resto
796 2491 1006 2559 occurrente,
1034 2489 1090 2548 aut
1112 2483 1275 2547 translato
1304 2470 1383 2567 (quoi

390 2589 504 2658 nempe
535 2573 673 2640 emineat
701 2575 814 2639 altiore
844 2571 934 2657 ritu)
964 2571 1161 2658 impeditam.
1187 2570 1219 2636 S.
1246 2569 1283 2634 ll.
1308 2558 1378 2660 811

388 2657 466 2744 Maj.
485 2662 568 2727 1745
591 2661 624 2726 in
645 2664 751 2728 Senen.
775 2662 817 2726 ed
840 2663 870 2738 5,
895 2661 933 2725 81
959 2659 1052 2725 Mart.
1070 2659 1153 2724 1881
1179 2658 1213 2723 in
1236 2678 1299 2722 ano
1321 2649 1380 2719 0114

391 2746 433 2811 od
456 2747 477 2813 4
499 2760 528 2814 et
552 2751 589 2823 11
609 2753 692 2839 Sept.
717 2751 801 2817 1847
824 2751 857 2814 in
879 2749 1013 2836 Borqen.
1036 2747 1077 2812 cd
1100 2747 1131 2812 8.
1154 2748 1197 2812 At
1220 2765 1297 2812 vero
1317 2742 1384 2807 siu

392 2833 506 2901 ciderit
528 2838 560 2903 in
583 2838 666 2906 diem
690 2837 840 2905 Octavam
863 2837 1013 2924 Corporis
1037 2834 1178 2911 Christi,
1204 2832 1342 2900 Officium
1357 2825 1386 2890 dt

388 2916 442 2987 Ss.
465 2927 626 3010 Apostolis
649 2928 862 2994 celebrabitur
885 2946 958 2991 cunr
981 2924 1042 2990 diei
1066 2923 1196 2990 Octava
1220 2934 1385 2989 commemo·

391 3012 537 3090 ratione,
561 3017 656 3082 etiarn
679 3018 732 3082 ubi
756 3016 825 3082 haec
848 3014 1012 3099 privilegio
1035 3014 1135 3099 pollet
1160 3013 1268 3078 instar
1289 3008 1388 3101 Octavo

393 3095 635 3186 Epiphaniae&
661 3105 695 3172 11.
715 3105 746 3171 0.
764 3105 806 3170 88
829 3103 892 3169 tot.
915 3101 1000 3168 1848
1024 3104 1056 3166 in
1078 3122 1140 3165 nno
1158 3099 1275 3165 illectis
1297 3091 1390 3182 chultt

392 3187 435 3252 ad
457 3191 487 3255 8.
511 3191 670 3260 Praeterea
697 3192 925 3259 advertendum
948 3198 1018 3265 est,
1050 3189 1103 3255 tihi
1127 3190 1219 3255 solus
1245 3189 1278 3255 S.
1302 3187 1391 3252 Petrus

393 3286 443 3343 est
457 3279 613 3348 Patronus
629 3284 678 3348 vel
695 3282 856 3355 TitulariS,
874 3280 917 3345 ibi
939 3299 1065 3367 quoque
1080 3279 1113 3345 in
1129 3276 1244 3344 Officio
1269 3283 1301 3343 et
1320 3272 1392 3340 llisso

396 3368 475 3447 nihil
498 3373 624 3459 penitus
648 3370 878 3436 immutandum
901 3366 978 3433 lure.
1295 3410 1299 3416 ·

436 3458 477 3529 ll.
502 3461 765 3528 Commemoratio
787 3459 929 3523 omnium
952 3454 1001 3521 So.
1019 3455 1250 3541 Apostolorum
1276 3453 1307 3519 in
1322 3448 1391 3542 lloelt

395 3553 445 3621 Ss.
469 3552 556 3618 Petri
578 3558 610 3615 et
632 3549 722 3614 Pauli
752 3549 858 3614 locum
882 3543 1085 3620 nonhabet,
1117 3551 1332 3629 praeterquam
1354 3531 1391 3611 nb

397 3661 548 3723 concessa
579 3647 628 3704 est
658 3657 713 3703 seu
736 3636 898 3724 injuncta;
931 3633 1037 3717 ibique
1068 3632 1104 3698 lit
1125 3634 1159 3697 in
1192 3633 1333 3717 utrisque
1350 3620 1390 3686 Vr

396 3731 509 3814 speris,
526 3726 685 3794 Laudibus
708 3733 739 3791 et
761 3725 856 3791 lllissa
873 3722 969 3788 etiarn
991 3721 1137 3796 solemni,
1154 3730 1189 3787 et
1212 3704 1390 3807 quidemsul

398 3817 548 3884 distincta
563 3815 776 3890 conclusione,
792 3833 830 3878 ac
846 3819 920 3899 post
936 3810 1277 3876 commemorationem
1293 3804 1391 3873 occo

398 3904 549 3991 Corporis
572 3905 711 3979 Christi,
741 3904 769 3968 si
791 3900 875 3968 inira
898 3901 992 3965 istam
1016 3907 1176 3964 occurrat.
1203 3897 1235 3964 S.
1260 3896 1296 3963 lt
1319 3880 1389 3958 811

400 3994 484 4084 Sept.
502 3993 587 4060 1848
604 3994 635 4058 in
653 3992 800 4070 Ocheren.
818 3990 859 4056 od
884 3990 899 4054 l
918 3997 947 4053 ct
969 3987 1010 4052 88
1033 3985 1111 4074 Moj.
1130 3986 1217 4054 1848
1242 3986 1276 4052 in
1289 3983 1389 4071 Sgtw

386 4104 490 4164 ,soon
514 4080 627 4168 Agitur
649 4101 745 4169 porro
769 4099 827 4168 per
848 4076 1047 4165 Antiphones
1070 4083 1102 4143 et
1123 4075 1172 4161 li.
1196 4075 1237 4143 de
1259 4055 1387 4140 conmuni
