3484 4875
611 501 785 546 nuuorxnnx
800 502 830 547 m
846 502 1002 547 nov'nxruu
1252 482 1315 548 tur

273 602 333 667 lroc
358 604 462 688 ipsum
487 604 615 670 Festum
645 628 816 673 occurrens
841 608 891 672 die
916 608 956 673 50
980 606 1166 673 Novembris
1196 606 1244 694 (*).
1278 608 1338 673 liu-

279 693 363 755 brice
389 694 433 757 tit.
458 694 480 758 4
502 718 531 758 u.
557 696 586 759 7.

337 781 368 845 2.
394 781 428 845 Si
451 784 482 846 in
507 782 645 848 Sabbato
677 794 749 848 ante
772 785 972 849 Dominicam
1006 784 1143 868 primam
1175 782 1338 849 Adventus

274 865 419 933 Officium
436 880 542 935 actum
558 870 653 935 laverit
677 872 714 935 de
737 872 839 948 Faria,
856 873 1005 957 Vespere
1032 880 1125 936 erunt
1143 872 1181 935 de
1198 872 1338 937 Sabbata

271 958 360 1021 utin
385 958 551 1035 Psalterio‚
576 981 593 1024 a
618 960 762 1045 Capitulo
787 961 959 1025 llominicte
984 962 1095 1045 primae
1120 960 1281 1025 Adventus
1304 968 1340 1025 ut

272 1045 325 1108 int.
352 1044 386 1109 Si
410 1056 516 1112 autem
549 1049 687 1113 votivum
711 1051 879 1115 recitatum
911 1052 952 1114 sit
984 1049 1197 1113 immaculatio
1222 1049 1337 1113 Curtae-

271 1134 392 1218 ptionis
414 1135 447 1199 B.
472 1136 512 1200 dl.
535 1137 571 1201 V.
596 1139 659 1201 ritu
683 1138 903 1223 semiduplici,
937 1139 984 1202 vel
1008 1136 1150 1201 Oliicium
1176 1136 1260 1201 aliud
1289 1157 1336 1201 se·

271 1222 444 1307 miduplex‚
461 1224 607 1310 Vespere
631 1235 725 1291 erunt
747 1247 765 1291 a
789 1226 932 1311 Capitulo
957 1226 1138 1300 Dominicae,
1157 1246 1229 1290 eum
1254 1245 1337 1289 com-

271 1313 502 1377 memoratione
534 1314 572 1377 de
600 1316 808 1398 precedente.
833 1316 942 1401 lieiepe
966 1336 990 1379 c.
1017 1316 1034 1378 5
1059 1336 1088 1377 a.
1114 1315 1132 1377 5
1156 1314 1210 1378 sao
1232 1314 1337 1401 flaverit.

271 1397 306 1461 Si
330 1420 426 1483 porro
449 1401 579 1466 Festum
607 1403 723 1487 duplex
746 1404 942 1469 celebratum
974 1404 1036 1477 sit,
1067 1401 1153 1466 istud
1175 1401 1335 1487 Vesperas

269 1486 413 1569 integras
448 1490 508 1555 sibi
532 1490 693 1566 vindicat,
728 1512 800 1556 cum
836 1492 1137 1557 commemoratione
1161 1489 1337 1554 Dominioae

271 1577 446 1659 sequentis.
471 1576 552 1655 Quid
580 1579 759 1663 agendum,
790 1581 817 1643 si
848 1601 919 1645 eras
950 1580 1066 1644 alicubi
1091 1587 1238 1644 occurrat
1269 1578 1338 1643 dies

273 1660 393 1728 Octava
418 1666 595 1752 cujuspiam
620 1668 715 1743 Festi,
736 1667 817 1733 inira
842 1668 1057 1734 declarabitur
1081 1667 1130 1733 dia
1155 1668 1196 1732 lt
1212 1667 1340 1731 liccem·
1423 1703 1427 1713 ·

271 1750 343 1815 bris
366 1774 396 1817 n.
422 1754 459 1817 ΙΙ.
484 1756 508 1819 Α
534 1757 644 1839 primis
667 1757 815 1842 Vesperis
846 1757 940 1843 hujus
963 1757 1135 1822 lierninicae-
1167 1776 1266 1840 usque
1298 1755 1339 1819 ad

273 1837 427 1905 Octavam
451 1842 634 1928 Epiphaniae
658 1855 785 1911 cessant
807 1845 963 1930 Suffragia
987 1845 1189 1920 Sanctorum,
1206 1853 1236 1909 et
1253 1844 1342 1908 Com·

274 1932 466 1995 memoratio
485 1930 522 1996 de
539 1932 645 1997 Cruoe'
662 1934 839 2020 (**).,Rubr.
863 1946 933 2000 uate
957 1934 1046 1999 lium.
1065 1935 1079 1999 l
1101 1934 1177 1998 Ado.
1202 1933 1341 1997 Rursum

272 2016 315 2081 ab
340 2018 389 2081 his
404 2018 553 2104 Vesperis
572 2042 671 2105 usque
695 2022 734 2085 ad
758 2024 1013 2088 Purificationem
1032 2021 1212 2106 Antiphone
1235 2022 1337 2086 linaiis

273 2113 324 2169 est
347 2107 452 2183 Alma,
477 2108 533 2173 scd
555 2109 583 2191 γ’.
605 2110 738 2194 Ampelos
762 2109 888 2175 Doutim'
909 2121 941 2176 et
964 2109 1071 2174 Oratio
1091 2110 1232 2174 Gratiam
1256 2119 1341 2174 tuum

269 2214 374 2279 usque
397 2196 437 2260 ad
459 2196 672 2262 Nativitatem.
698 2198 792 2262 liubr.
814 2209 885 2285 post
911 2198 1160 2287 Complatorium.

340 2283 369 2347 5.
395 2284 550 2370 Tempore
573 2287 735 2351 Adventus
758 2284 903 2353 Officium
934 2294 1072 2371 quatuor
1098 2285 1335 2349 Donninicarum

269 2371 336 2435 ritu
369 2374 569 2459 semiduplici
600 2376 802 2461 persolvitur.
831 2375 927 2441 thbr.
958 2374 1002 2439 m.
1032 2376 1052 2440 2
1080 2397 1109 2440 u.
1142 2374 1171 2437 l.
1196 2372 1336 2458 Singulae

269 2461 478 2527 nihilominus
495 2465 632 2549 majores
648 2472 723 2529 sunt
746 2473 778 2529 et
800 2466 1017 2550 privilegiatae,
1036 2485 1072 2528 ac
1088 2463 1192 2547 prima
1211 2461 1340 2546 quidem

271 2558 322 2614 est
345 2552 457 2635 primae
482 2553 616 2628 classis,
644 2553 778 2637 ideoque
802 2552 943 2618 excludit
968 2553 1189 2637 quodcumque
1212 2549 1341 2615 Festum

271 2637 305 2702 in
329 2658 367 2703 ea
390 2659 583 2715 oecurrens;
608 2649 673 2706 tres
696 2661 771 2706 vero
794 2643 926 2726 reliquae
950 2649 1024 2706 sunt
1047 2640 1194 2706 secundae
1218 2640 1340 2714 classis,

272 2734 305 2791 et
328 2726 446 2793 cedunt
470 2729 633 2795 dumtaxat
656 2731 837 2795 occurrenti
860 2729 954 2796 Festo
979 2729 1098 2816 duplici
1122 2730 1233 2816 primm
1257 2729 1337 2794 elas-

333 3020 368 3096 (*)
389 3021 472 3082 Hisce
493 3021 596 3082 diebus
613 3022 715 3084 Christi
733 3022 891 3084 Adventum
907 3024 991 3085 enixe
1010 3024 1196 3102 imploramus
1211 3042 1263 3100 per
1280 3022 1342 3082 haec

276 3102 386 3162 verba:
411 3103 482 3161 Veni
500 3104 625 3162 Domine
647 3117 673 3165 ct
694 3106 756 3162 noli
775 3107 921 3177 tardare,
943 3107 1050 3164 Emitte
1070 3107 1184 3182 Apicum
1204 3105 1339 3174 Domine,

273 3184 490 3242 doutiaotorem
513 3193 624 3243 terrm:
645 3192 709 3243 vota
735 3191 830 3244 nostra
852 3185 1065 3264 quodammodo
1090 3182 1270 3262 adjungendo
1291 3200 1339 3240 ar·

275 3263 411 3322 dentibus
425 3265 574 3323 iustorum
589 3261 728 3341 votis,qui
743 3271 895 3323 venturum
912 3265 1060 3341 adspicere
1071 3267 1252 3323 servatorem
1269 3260 1341 3319 adeo

274 3350 468 3420 exoptarunt:
502 3341 630 3418 precatio
652 3353 747 3402 autem
780 3352 876 3402 nostra
899 3343 1060 3412 ostendit,
1093 3351 1124 3400 ut
1145 3339 1340 3418 amplissimus

275 3419 403 3501 Mysterii
419 3421 485 3480 olim
503 3422 609 3498 peracti
626 3422 735 3482 tructus
752 3420 778 3480 in
794 3441 845 3480 nos
861 3421 1012 3482 redundet.
1028 3423 1076 3481 Sic
1089 3421 1181 3498 ferme
1196 3421 1341 3480 Tetumus.

339 3499 388 3575 ('*)
410 3501 583 3560 Omittuntur
598 3500 738 3578 Sullragia
759 3506 939 3570 Sanctorum,
953 3520 988 3560 ne
1003 3511 1066 3560 ante
1083 3500 1225 3562 Christum
1242 3505 1341 3557 natum

275 3581 432 3658 implorare
450 3580 600 3640 videamur
614 3599 715 3640 eorum
729 3598 813 3656 operu
834 3588 862 3640 et
877 3580 1077 3655 patrocinium,
1092 3597 1164 3659 quos
1181 3578 1242 3656 ipse
1258 3574 1344 3638 Chri·

276 3671 339 3721 stus
354 3678 406 3718 suo
421 3660 548 3720 ddveutu
564 3660 652 3736 gratia
666 3669 694 3720 ot
707 3660 853 3719 sanctitate
868 3659 994 3735 donavit3
1007 3661 1113 3740 quique
1131 3678 1182 3737 per
1194 3657 1339 3719 Christum

275 3740 396 3802 tutelam
420 3739 506 3800 nostri
529 3748 726 3818 susceperunt.
750 3742 819 3800 ltem
843 3758 898 3799 non
920 3738 952 3798 iit
973 3738 1206 3802 commemoratio
1229 3735 1340 3808 Crucis,

274 3839 312 3881 ne
336 3819 397 3896 ipse
418 3819 548 3880 videatur
570 3837 681 3898 passus,
702 3827 854 3897 antequam
878 3827 980 3894 natus;
1002 3838 1096 3897 neque
1117 3819 1153 3878 de
1177 3821 1338 3895 Pace,quae

275 3906 349 3982 ante
367 3897 458 3976 ipsius
479 3898 661 3959 Nativitatem
684 3898 800 3959 minime
822 3897 933 3969 extitit,
960 3899 1011 3959 sed
1034 3919 1068 3960 eo
1096 3908 1179 3968 nato,
1203 3897 1335 3958 continuo

274 3975 314 4040 ab
337 3979 452 4054 alligetis
482 3978 511 4039 in
542 3986 619 4039 terra
640 3978 805 4040 hominibus
835 3979 918 4041 bonae
949 3977 1103 4041 voluntatis
1124 3978 1254 4041 nunciata
1285 3982 1338 4035 est.

279 4060 357 4120 Gao.
378 4069 444 4120 sect.
468 4063 486 4122 a
508 4079 533 4120 c.
558 4063 570 4122 l
594 4078 622 4118 a.
647 4062 672 4120 l.
