3484 4875
432 474 499 541 tte
742 492 833 538 runca
851 491 950 537 uuauu
965 489 1145 537 norvanum

452 604 539 674 runt,
556 596 631 663 ibid.
649 618 680 663 n.
698 596 728 663 1.
745 595 838 677 Quid,
861 597 889 662 si
913 596 981 663 dies
997 594 1116 663 Octava
1135 596 1266 664 'incidat
1287 599 1318 664 in
1335 598 1425 665 bonini
1470 601 1505 662 'n

455 707 527 753 cam
549 686 793 773 privilegiatam,
809 685 917 752 adnot.
935 686 954 752 9
971 693 1003 754 et
1021 687 1063 752 11
1085 686 1161 753 Dec.
1178 707 1212 753 n.
1229 686 1271 753 ll.
1295 686 1327 754 Si
1344 687 1425 756 latro
1474 686 1505 744 'b

454 775 678 842 secundarium
694 782 865 841 concurrat
888 794 960 841 cum
983 774 1137 861 primario
1162 775 1312 862 eiusdem
1332 775 1426 854 ritule
1479 779 1505 836 ἐ

454 885 516 951 quo
540 863 712 931 recitandae
735 873 809 930 sunt
833 863 990 949 Vespera,
1016 884 1086 950 pag.
1111 865 1155 930 72
1179 866 1215 931 in
1240 876 1328 932 nota.
1348 864 1431 947 oute
1480 883 1505 949 tr

454 953 584 1019 Festum
605 953 783 1040 quuspiam
805 951 914 1018 Sancti
938 961 1107 1019 concurrat
1132 975 1210 1020 cum
1236 954 1290 1021 die
1306 952 1437 1022 Octartlt
1486 958 1505 1019 1

454 1042 565 1108 eodem
590 1040 718 1118 Sancto,
736 1062 763 1107 c.
780 1043 798 1106 5
824 1062 854 1106 n.
873 1042 902 1107 5.
918 1041 1067 1127 Vespera
1089 1044 1122 1107 in
1139 1042 1443 1130 Quadragesimaprn
1488 1043 1505 1127 ‘c

453 1130 620 1196 solvuntur
644 1139 717 1196 ante
741 1128 917 1206 meridiem,
934 1138 1042 1196 annot.
1058 1131 1091 1196 in
1107 1129 1233 1210 Quadr.
1252 1154 1286 1199 ιι.
1304 1134 1339 1208 1;
1359 1140 1387 1199 et
1401 1149 1458 1207 cn·
1497 1156 1505 1196 ι

454 1238 527 1304 pag.
552 1220 613 1284 211
641 1220 672 1284 in
703 1226 789 1284 nota.
813 1218 862 1283 Ad
884 1217 1041 1304 Vesperas
1072 1218 1205 1286 feriales
1239 1220 1447 1310 Antiphoneet
1497 1223 1505 1282 l

456 1307 577 1378 Psalmi
600 1316 675 1372 sunt
698 1327 825 1393 semper
847 1315 883 1373 ut
899 1308 931 1371 iu
953 1307 1121 1384 Psalterio‚
1139 1317 1258 1376 annot.
1277 1312 1311 1376 in
1334 1309 1450 1377 Hebdout
1499 1333 1505 1373 a

455 1396 568 1483 major.
592 1416 623 1461 n.
649 1397 678 1461 7.
702 1396 851 1482 Vespera
874 1394 1112 1472 Defunctorum
1138 1418 1168 1463 c.
1195 1399 1215 1463 7
1243 1420 1278 1465 n.
1305 1401 1325 1466 5
1348 1409 1378 1466 et
1395 1398 1418 1465 l.

411 1482 523 1549 Vestes
547 1503 658 1561 sacrae,
681 1485 752 1549 vide
774 1485 975 1550 Poromervto.

411 1570 591 1649 viaticum,
623 1594 664 1638 an
687 1582 719 1640 et
741 1573 900 1659 quomodo
932 1572 1181 1639 ministrandum
1204 1574 1310 1642 Feria
1340 1574 1456 1642 sertain

453 1661 640 1737 Parasceve‚
664 1671 772 1728 annot.
797 1663 829 1726 in
852 1660 952 1727 Hebd.
976 1661 1051 1748 maj.
1075 1681 1106 1726 n.
1131 1663 1187 1728 15.

410 1745 535 1832 Vigilia.
559 1747 676 1815 Omnes
692 1751 814 1835 Vigiliae
837 1750 869 1815 in
892 1750 1051 1815 Breviario
1076 1749 1224 1817 Romano
1243 1750 1459 1841 descriptam·

454 1838 531 1903 beut
554 1838 711 1905 adnexum
730 1839 909 1925 jejunium,
940 1846 1071 1924 excepta
1092 1838 1211 1924 Vigilia
1239 1840 1459 1929 Fpiphaniect

455 1925 675 2003 AscensioniS,
699 1927 806 1993 adnot.
829 1927 871 1992 25
897 1926 988 1994 Febr.
1012 1949 1044 1993 n.
1068 1926 1118 1992 Vl.
1143 1927 1179 1993 Si
1204 1929 1333 2002 alicubi
1355 1932 1388 1997 iu
1406 1948 1457 2016 qut·

341 2070 349 2084 .
454 2014 541 2101 piam
565 2035 603 2079 ex
626 2016 690 2082 illis
722 2017 761 2081 ob
793 2014 955 2081 indultum
982 2015 1205 2101 Apostolicum
1230 2020 1288 2084 vel
1312 2020 1462 2105 legitimam

457 2104 720 2170 consuetudinem
744 2105 875 2171 minime
891 2106 994 2189 vigeat
1016 2106 1067 2169 lex
1086 2103 1210 2190 jejunii,
1229 2126 1301 2174 non
1319 2117 1466 2196 propterca
1503 2109 1505 2122 '

453 2192 498 2258 ibi
521 2192 568 2259 las
592 2202 641 2260 est
663 2194 762 2280 ipsius
786 2191 932 2258 Officium
955 2193 1119 2279 praeterire
1147 2193 1224 2281 (vel
1251 2214 1465 2263 commemora·

452 2281 616 2369 tionem),
640 2281 716 2348 ibid.
741 2281 822 2361 Quid
846 2280 1003 2366 agendum
1026 2282 1053 2346 si
1076 2280 1194 2365 Vigilia
1223 2295 1383 2352 occurrat
1402 2282 1468 2351 iutra

455 2368 618 2448 Octavam,
631 2370 706 2436 ibid.
725 2391 754 2436 n.
768 2370 833 2446 vlt
846 2372 879 2434 iu
895 2369 989 2435 Festo
1003 2369 1120 2457 duplici
1132 2371 1253 2458 primae
1271 2375 1398 2453 classis,
1407 2370 1468 2440 ibid.

454 2480 486 2525 n.
510 2459 581 2524 Vlll
605 2469 636 2525 et
660 2468 767 2525 annot.
791 2461 823 2524 in
853 2459 962 2525 Ferias
986 2459 1098 2543 Rogat.
1123 2481 1153 2525 ιι.
1181 2461 1224 2536 5;
1259 2463 1296 2528 iu
1320 2465 1468 2536 Adventu,

455 2548 563 2615 adnot.
580 2549 621 2614 25
643 2549 734 2614 Febr.
752 2570 784 2614 n.
800 2548 838 2621 X;
856 2549 887 2613 in
905 2547 1005 2614 Feriis
1026 2547 1201 2634 majoribus
1218 2548 1470 2638 Quadragesima

455 2645 487 2702 et
503 2635 647 2714 Ouatuor
662 2637 865 2724 Tempornm
883 2638 931 2701 vel
955 2637 986 2702 in
1010 2636 1175 2702 Dominica
1200 2641 1394 2728 anticipata,
1408 2638 1470 2706 ibid.

454 2747 485 2791 n.
502 2725 570 2791 ΧΗ,
589 2726 670 2805 Quid
694 2727 721 2791 si
744 2726 863 2791 incidat
886 2726 917 2789 in
933 2725 1064 2792 Festum
1086 2725 1171 2791 idem
1194 2726 1409 2814 Evangelium
1427 2728 1473 2793 ha·

455 2814 544 2889 bens,
568 2815 643 2880 ibid.
668 2835 698 2881 ιι.
715 2815 768 2880 xl.
786 2813 867 2894 Ouid
891 2815 917 2879 si
941 2813 1010 2879 dum
1027 2814 1148 2897 Vigiliae
1173 2815 1277 2883 simul
1302 2824 1470 2892 occurrant

453 2901 530 2966 ibid.
555 2923 584 2968 u.
609 2903 691 2967 Xlll.
715 2902 749 2967 Si
772 2903 902 2968 Festum
928 2902 1160 2978 transferatur,
1190 2923 1232 2970 an
1261 2905 1472 2974 transterenda

454 2989 579 3072 vigilia,
603 2990 678 3056 ibid.
702 3012 733 3056 ιι.
756 2991 793 3056 V.
817 2990 850 3056 Si
874 2991 1004 3057 Festum
1026 2990 1146 3057 incidat
1169 2991 1202 3058 in
1226 2992 1349 3061 leriam
1372 3015 1470 3062 secuu-

456 3076 540 3153 dam,
564 3098 626 3163 quo
651 3078 701 3143 die
724 3078 759 3143 lit
782 3080 820 3145 de
842 3079 968 3164 vigilia,
992 3079 1067 3145 ibid.
1093 3089 1123 3145 et
1146 3099 1178 3144 n.
1203 3081 1260 3149 tx.
1289 3085 1421 3164 Quando
1441 3082 1473 3148 F·

454 3168 636 3251 vangclium
658 3167 781 3253 vigilia
803 3169 921 3252 legitur
944 3169 1003 3235 sub
1027 3169 1130 3234 blissae
1152 3168 1265 3247 finem,
1283 3173 1362 3239 ibid.
1380 3195 1409 3240 n.
1425 3169 1474 3238 Xll

455 3265 487 3323 et
511 3256 617 3323 adnot.
645 3258 684 3323 lO
709 3258 782 3322 Oec.
806 3278 837 3323 ιι.
861 3257 899 3323 11.
924 3255 1070 3322 Ollicium
1092 3257 1216 3340 Vigiliap
1241 3263 1407 3346 quomodo
1429 3280 1473 3325 or·

456 3345 594 3424 dinatur,
618 3346 724 3412 adnot.
746 3346 790 3411 21
812 3346 905 3412 Febr.
930 3367 960 3413 ιι.
984 3346 1022 3412 ll.
1048 3344 1179 3425 Quando
1203 3356 1236 3412 et
1263 3351 1319 3416 ubi
1343 3353 1379 3417 fit
1402 3367 1474 3416 corn·

457 3436 646 3500 memoratio
670 3435 802 3520 Vigiliae
827 3456 853 3500 c.
880 3435 899 3500 6
923 3455 953 3500 ιι.
980 3436 1009 3514 5,
1034 3435 1065 3510 1,
1089 3435 1119 3511 7,
1143 3435 1185 3500 12
1209 3445 1242 3502 et
1269 3440 1324 3505 1-1.
1349 3439 1427 3520 Ouid
1451 3437 1474 3501 si

456 3521 566 3590 Oratio
582 3524 705 3609 Vigiliae
729 3525 771 3589 sit
793 3524 905 3589 eadem
928 3544 965 3589 ac
988 3525 1043 3590 illa
1067 3522 1150 3589 Festi
1174 3531 1391 3603 occurrentis,
1414 3525 1473 3592 cd

458 3633 488 3677 ιι.
508 3613 548 3678 lO
573 3613 631 3678 sub
655 3613 758 3677 finem.
776 3611 810 3677 Si
833 3613 865 3676 iu
888 3612 1002 3696 Vigilia
1026 3614 1166 3679 omnium
1191 3612 1389 3683 Sanctorum
1412 3635 1475 3702 per·

457 3701 599 3767 solvatur
622 3700 768 3767 Officium
791 3699 998 3787 semiduplex,
1019 3703 1052 3767 in
1074 3721 1111 3768 eo
1135 3701 1269 3770 minime
1294 3705 1475 3793 pretermit-

457 3797 568 3856 tuntur
599 3789 777 3875 Suffragia,
809 3810 911 3875 neque
934 3791 965 3855 in
990 3791 1085 3856 Missa
1109 3788 1219 3856 Oratio
1242 3794 1273 3859 A
1299 3798 1422 3861 attactis.
1443 3793 1475 3858 ln

457 3875 601 3943 Ecclesia
613 3888 718 3945 tamen
733 3879 879 3944 omnibus
892 3877 1018 3944 Sanctis
1031 3879 1135 3945 dicata
1148 3882 1308 3950 reticetur
1322 3884 1475 3971 peculiare

458 3986 569 4032 eorum
593 3966 807 4052 Suffragfflm,
831 3968 938 4033 adnot.
963 3969 1000 4033 5l
1028 3966 1138 4034 Octob.
1165 3989 1194 4034 n.
1219 3969 1260 4036 11.
1287 3973 1324 4039 ln
1348 3990 1475 4038 occursu

457 4055 591 4141 vigiliae,
609 4075 648 4121 an
672 4056 827 4124 habeatur
843 4058 925 4123 ratio
942 4057 1045 4123 llissae
1061 4056 1233 4126 Dominica
1257 4061 1475 4149 praecedentis,
