3484 4875
460 393 636 444 1111111111
652 399 739 445 aaran
757 400 948 447 ocrxvxuss.
963 401 1182 448 1111111111
1274 384 1337 451 5⁹27

279 500 469 587 Epiphaniae
485 502 533 590 (*).
552 506 582 569 S.
601 505 637 570 ll.
657 506 689 571 θ.
706 507 749 571 15
766 508 850 596 Sept.
870 508 955 572 tosa
974 509 1082 572 11111
1106 506 1304 573 l'eneticrum
1320 511 1363 575 nd

280 591 300 656 9
328 599 357 653 et
380 589 478 654 Rubr.
502 592 604 678 pecrrl.
629 617 658 658 o.
685 594 736 659 73.
756 592 824 672 Qno
849 596 880 659 in
905 616 981 661 casn
1006 594 1045 660 de
1070 595 1120 659 die
1144 594 1263 660 Octava
1288 600 1358 663 sola

280 676 406 761 agenda
431 685 481 742 cst
504 684 766 747 commemoratio
791 684 822 747 in
847 685 991 769 utrisque
1007 684 1168 767 vesperis,
1184 682 1358 763 Laudibus

279 774 313 830 et
337 766 435 830 llissa
459 768 554 831 ctiam
580 770 727 846 solemni,
752 771 937 847 dnmmodo,
954 770 1038 855 qnod
1063 771 1103 836 ad
1127 771 1284 837 secundas
1301 771 1359 838 Ve-

281 873 397 937 speras
423 854 547 931 attinet,
571 876 709 941 sequens
732 857 862 925 Festum
887 859 944 924 SS.
960 859 1071 924 Cordis
1088 859 1164 923 ,lesu
1190 879 1252 924 non
1276 868 1362 927 extet

280 940 401 1026 duplex
435 942 548 1026 primae
572 953 628 1009 aut
663 946 811 1011 secundae
847 947 983 1021 classis;
1021 955 1087 1011 tum
1122 947 1241 1031 quippe
1265 948 1360 1033 hujus

279 1029 467 1113 peragenda
484 1028 567 1095 toret
591 1036 865 1110 commemoratio,
884 1036 985 1099 altera
1010 1034 1049 1100 de
1073 1034 1123 1098 die
1139 1033 1258 1107 Octava
1282 1055 1362 1120 pree·

280 1116 449 1181 tereuoda.
475 1117 570 1183 liubr.
596 1120 640 1184 u't.
667 1123 741 1186 91.
766 1123 787 1187 1
811 1134 839 1187 et
862 1123 894 1187 S.
920 1122 1074 1187 11117
1099 1121 1192 1186 Mart.
1219 1122 1307 1187 taut
1329 1124 1362 1187 iu

279 1225 344 1268 unu
377 1203 552 1269 Dubiorum
583 1206 625 1271 ud
653 1208 684 1273 2.
721 1209 833 1297 Confer
862 1210 956 1275 etium
988 1231 1060 1294 quoe
1089 1209 1306 1274 onrrotnoimus
1329 1211 1362 1274 in

282 1291 432 1357 diambi
459 1292 537 1379 liuj.
561 1316 591 1359 u.
616 1295 675 1362 ΙΙΙ.

339 1557 375 1633 t')
398 1562 506 1619 hoctor
538 1560 753 1620 Dissertatioois
773 1561 803 1620 in
824 1561 967 1623 Rubricas
987 1562 1130 1623 Breviorii
1164 1563 1217 1623 hoc
1241 1562 1304 1621 loco
1336 1561 1366 1621 id

279 1637 378 1713 ipsum
395 1638 613 1717 111-11111111
626 1639 685 1717 jam
701 1640 773 1699 altas
789 1641 816 1699 io
832 1641 896 1720 pari
922 1660 989 1701 casu
1012 1642 1213 1713 refutavimus,
1229 1640 1365 1702 uidelicet

279 1716 326 1775 die
342 1720 450 1777 Octava
466 1721 515 1776 SS.
532 1718 668 1794 Corporis
682 1718 787 1779 Christi
803 1720 985 1781 occurrentia
1001 1721 1116 1780 excludi
1132 1724 1215 1781 Festa
1237 1719 1366 1797 dupiicia

279 1796 384 1872 primae
406 1795 525 1866 classis,
554 1797 577 1856 si
601 1805 709 1856 taatmn
738 1799 867 1875 excipias
889 1799 988 1859 Officia
1009 1800 1168 1860 Natiuitatis
1193 1804 1222 1860 S.
1244 1799 1362 1859 ioannis

279 1873 428 1950 Baptistae,
449 1878 493 1933 Ss.
516 1881 569 1952 dp.
586 1876 662 1934 Petri
685 1883 713 1935 et
735 1878 814 1936 Pauli
836 1896 868 1937 ac
891 1878 1060 1955 principalis
1083 1879 1197 1938 Patroni
1219 1878 1297 1949 Loci,
1318 1876 1366 1937 Ti-

281 1952 386 2013 tularis
401 1961 430 2011 ot
451 1954 646 2014 Dedicatioois
666 1956 795 2033 propriae
816 1956 963 2028 Ecclesiae,
978 1975 1012 2015 eo
1034 1957 1111 2034 quod
1132 1958 1257 2017 {inimica
1279 1956 1367 2033 parti-

283 2031 394 2091 cularis
418 2032 537 2111 (inquit
559 2033 633 2111 ille)
655 2052 707 2111 pro
727 2034 913 2094 solemnitate
936 2036 1072 2112 Corporis
1096 2036 1200 2094 Christi
1230 2053 1286 2095 111
1304 2033 1366 2111 jam

281 2110 455 2187 simpliciter
477 2113 517 2172 sic
532 2114 639 2172 statuit:
654 2115 754 2172 lodie
771 2114 884 2171 Octavo
899 2114 1043 2187 Corporis
1059 2115 1175 2171 Christi
1187 2132 1244 2171 uon
1257 2114 1291 2187 fit
1306 2115 1368 2170 nisi

281 2193 315 2249 de
329 2192 420 2249 Festo
440 2209 478 2248 eu
492 2195 727 2261 solemnioribus,
742 2192 792 2251 sed
808 2191 919 2269 potios:
935 2191 1002 2252 Non
1021 2194 1056 2267 sit
1076 2196 1139 2250 uisi
1152 2195 1186 2250 de
1199 2192 1366 2252 Natiuitate

281 2271 310 2329 S.
331 2268 462 2327 ioannis
482 2285 508 2329 et
530 2274 565 2331 de
585 2273 670 2331 Festo
697 2273 742 2330 Ss.
765 2270 818 2347 rip.
843 2273 930 2329 Petri
949 2281 976 2329 et
998 2272 1092 2330 Pauli
1118 2274 1164 2330 oei
1185 2274 1219 2329 de
1241 2273 1303 2328 otio
1330 2288 1367 2327 eo:

283 2351 523 2408 solemnioribus.
545 2382 582 2393 -
607 2355 716 2410 Verum
746 2350 915 2426 reponimus
944 2351 981 2408 ita
1002 2348 1219 2425 distinguendo.
1239 2347 1369 2409 Robrica

282 2428 375 2506 priori
399 2428 523 2489 formula
547 2429 664 2490 rnioime
687 2448 737 2490 asa
759 2437 811 2496 est,
833 2430 902 2507 qnia
926 2448 1030 2505 nempe
1053 2429 1169 2506 phrasis
1190 2431 1311 2490 Festum
1330 2446 1368 2488 en

283 2510 515 2568 solemnioribus
537 2528 592 2569 oon
614 2528 732 2586 semper
754 2508 860 2568 indicat
875 2511 958 2568 Festa
979 2508 1110 2586 duplicia
1134 2509 1237 2587 primae
1258 2506 1369 2578 classis,

284 2585 436 2648 concedo:
467 2587 587 2648 minime
608 2607 659 2648 usa
681 2595 745 2660 est,
774 2596 806 2647 nt
834 2587 972 2647 nimirum
995 2592 1078 2648 Festa
1106 2588 1233 2665 duplicia
1263 2586 1367 2665 primae

285 2665 398 2736 classis,
415 2675 521 2742 praeter
545 2668 592 2726 illa
615 2667 756 2746 quinque,
771 2675 963 2744 expungeret,
978 2685 1060 2742 nego.
1075 2668 1230 2727 Enimvero
1254 2664 1368 2744 phrasis

284 2747 406 2805 Festum
420 2765 458 2804 eu
472 2748 701 2805 solemnioribus
718 2763 770 2821 per
785 2764 815 2804 se
838 2746 874 2804 ad
898 2749 979 2806 Festa
994 2764 1110 2825 quoque
1124 2745 1250 2824 duplicia
1267 2761 1371 2805 secun·

285 2824 330 2884 111
346 2825 448 2884 classis
466 2827 611 2902 pertingih
627 2834 655 2885 at
669 2826 818 2904 conjuncta
835 2844 900 2885 eum
914 2823 1011 2904 aliquo
1026 2824 1135 2902 duplici
1153 2825 1254 2901 'trimae
1270 2822 1370 2885 classis

289 2903 442 2980 speciatim
460 2923 609 2981 expresso,
625 2914 776 2965 coercetur
790 2903 825 2962 ad
840 2909 923 2965 Festa
938 2905 1139 2964 tautummodo
1156 2905 1277 2984 hujusce
1299 2902 1371 2963 clas·

288 2984 330 3041 sis
351 2982 542 3059 designanda,
564 2983 808 3064 quemadmodum
832 2983 859 3042 in
881 2986 1018 3044 Octavam
1040 2984 1209 3061 Epiphania
1231 3001 1294 3059 pag.
1312 2982 1369 3043 toa

287 3069 456 3120 auriotatom
479 3070 543 3135 est;
571 3081 683 3140 quare,
712 3071 743 3122 nt
764 3062 938 3138 ambiguitas
966 3063 1059 3122 omnis
1081 3063 1205 3134 abesset,
1230 3060 1368 3132 Robrica,

286 3139 379 3217 priori
404 3141 611 3217 pretermissa,
632 3140 753 3202 alteram
776 3140 928 3218 usurparit
949 3142 1113 3200 formulam.
1130 3145 1201 3200 Rern
1223 3157 1311 3216 porro
1333 3139 1370 3197 ita

287 3237 318 3277 se
344 3219 452 3279 hahere
474 3221 656 3296 exinteratum
679 3228 778 3280 estex
802 3219 907 3279 nostris
927 3219 1062 3280 ltnhricis
1085 3237 1099 3278 o
1121 3223 1150 3279 S.
1172 3219 1246 3278 Sede
1268 3217 1373 3293 adpro·

287 3297 382 3369 hatis,
405 3316 528 3375 quarum
551 3301 661 3359 scilicet
688 3302 739 3373 (a.
762 3301 822 3368 73)
853 3298 914 3357 haee
936 3306 1002 3356 snat
1024 3297 1133 3356 rerba:
1157 3299 1230 3355 Dies
1256 3298 1370 3354 011111

288 3377 435 3453 Corporis
458 3379 575 3438 Christi
592 3381 665 3437 solis
686 3387 714 3437 et
733 3379 871 3437 omuibus
893 3377 968 3435 cedit
989 3377 1214 3435 occurrentibus
1236 3377 1373 3449 Duplici·

287 3456 343 3514 bas
361 3459 473 3532 primic
494 3459 615 3517 elensis.
638 3456 769 3535 Derrique
792 3473 839 3516 res
860 3455 961 3514 eadem
978 3453 1167 3514 confirmatur
1189 3471 1224 3533 ex
1248 3456 1371 3512 Decreta

287 3539 316 3594 S·
339 3537 374 3593 ll.
398 3540 428 3596 C.
450 3535 508 3596 diei
531 3541 570 3597 bb
592 3541 671 3613 Sept.
697 3540 774 3598 1852
796 3535 825 3594 io
847 3552 903 3593 noa
926 3533 1113 3594 venetiarum
1136 3531 1170 3590 11
1194 3536 1232 3604 o,
1261 3531 1289 3590 io
1312 3549 1370 3609 quo

287 3610 410 3673 affertur
427 3615 498 3674 ratio
520 3633 572 3676 cur
594 3616 641 3674 die
656 3618 761 3674 Octava
778 3613 915 3690 Corporis
931 3612 1037 3673 Christi
1053 3611 1237 3690 permittatur
1252 3614 1370 3670 Festum

288 3692 508 3766 Dedientionis;
530 3712 596 3773 quae
617 3712 722 3770 nempe
744 3693 817 3753 ratio
839 3710 895 3750 oon
918 3693 1025 3768 petitur
1054 3689 1171 3768 quidem
1196 3707 1210 3746 1
1233 3689 1371 3768 qualitate

288 3772 378 3842 Festi,
400 3781 490 3849 prout
509 3773 656 3834 contendit
676 3772 872 3842 adversarius,
889 3770 938 3829 sed
961 3768 1107 3829 ducitura
1130 3769 1272 3848 11111111111
1289 3768 1370 3839 ritus,

292 3850 344 3910 tter
362 3853 475 3927 dapteu
484 3855 596 3926 primae
609 3854 727 3910 classis.
743 3850 847 3930 Opinio
869 3850 956 3927 igitur
978 3846 1136 3909 adversarii
1153 3847 1269 3909 ridetn'r
1284 3846 1370 3907 itioris

290 3932 408 3996 intlrrno
429 3931 618 3995 luridamento
639 3931 702 3993 triti.
