3484 4875
690 589 935 661 tnnortnut

373 797 405 842 IN
427 796 590 843 nolitntctttt
613 797 860 842 nttStJnnuuTtortts
885 796 1009 849 utusoun
1032 797 1233 844 nunnonnottt

638 924 674 969 Ac
697 924 810 969 TEMPUS
835 924 985 970 enscnntn

343 1134 374 1199 l.
399 1133 562 1199 Dominica
587 1133 841 1219 Resurrectionis
865 1141 914 1200 est
937 1133 1051 1220 duplex
1083 1136 1193 1220 primm
1226 1137 1337 1203 classis

274 1242 353 1289 cum
376 1220 494 1288 Octava
518 1223 728 1308 privilegiata,
751 1224 783 1288 in
808 1242 869 1307 qua
894 1224 1000 1288 colore
1024 1224 1096 1289 albo
1117 1224 1235 1310 jugiter
1250 1232 1339 1291 uten-

277 1312 356 1378 dum
381 1320 440 1376 est.
469 1310 613 1377 Ollicium
638 1331 675 1376 ac
698 1312 791 1376 llissa
828 1319 902 1377 sunt
936 1313 1087 1398 propria,
1122 1312 1240 1398 absque
1273 1314 1339 1380 ulla

276 1420 414 1487 prorsus
438 1401 739 1466 commemoratione
770 1399 817 1487 (*).
842 1400 872 1465 S.
898 1400 934 1465 R.
962 1400 993 1466 C.
1019 1401 1059 1465 lb
1090 1400 1166 1489 Apr.
1192 1402 1276 1468 ldib
1308 1403 1339 1466 in
1403 1470 1408 1476 ,

276 1489 501 1554 Panormitano
532 1488 574 1553 cd
606 1488 625 1553 8
657 1498 686 1553 et
709 1488 803 1555 lbrbr.
827 1489 926 1575 pecul.
950 1511 979 1554 rr.
1005 1490 1055 1555 59.
1079 1490 1337 1556 Postcommunio

277 1584 479 1663 nequaquam
502 1585 552 1643 est
574 1576 790 1643 concludenda
812 1578 849 1642 lu
871 1581 990 1643 onitate
1012 1578 1161 1665 ejusdem,
1184 1578 1240 1645 sed
1264 1580 1344 1646 sim-³

279 1667 407 1753 pliciter
436 1666 473 1731 ln
503 1666 621 1731 unitate
651 1665 786 1731 Seritur
815 1667 914 1732 sancti
942 1676 1001 1732 etc.
1035 1666 1082 1732 lto
1105 1667 1226 1733 Misscle
1250 1668 1338 1733 Rom.

279 1754 419 1843 typicum
442 1777 491 1819 on.
517 1754 612 1820 tuot.
637 1687 694 1819 def
709 1754 846 1821 Primam
863 1755 1013 1821 dicuntur
1030 1765 1094 1821 tres
1113 1765 1234 1823 tantum
1250 1756 1338 1823 Psal-

279 1845 322 1909 mi
348 1852 383 1912 ut
405 1844 437 1908 in
460 1842 573 1919 lestis,
596 1863 634 1909 ac
657 1843 873 1931 llartyrologii
898 1846 1026 1911 lectioni
1051 1848 1254 1930 praemittitur
1270 1846 1339 1911 Hoc

279 1931 328 1997 dic
351 1940 424 2007 etc,
448 1931 561 1997 debinc
586 1934 830 2018 pronuntiamur
853 1932 1014 2009 Kalendae,
1037 1933 1125 2000 Luna
1149 1943 1208 2001 etc.
1243 1942 1277 2000 ut
1309 1937 1350 2003 in

279 2020 393 2086 eodem
417 2020 641 2107 Martyrologio
665 2042 722 2107 pro
741 2021 790 2086 die
806 2024 960 2106 sequenti.
985 2022 1018 2086 ln
1037 2022 1197 2099 ducionis,
1216 2022 1269 2087 ubi
1285 2024 1340 2089 ad·

281 2118 330 2175 est
353 2108 685 2195 Fons-baptismalis,
709 2129 790 2195 aqua
814 2130 875 2175 non
900 2110 1118 2186 benedicitur,
1143 2111 1198 2175 sed
1222 2110 1264 2175 ibi
1289 2132 1340 2177 so·

283 2198 400 2264 lemnis
424 2198 564 2283 aspersio
588 2199 623 2263 fit
646 2218 703 2284 per
726 2198 794 2284 ejus
816 2197 913 2263 lontis
936 2218 1050 2282 aquam
1074 2198 1175 2285 pridie
1199 2218 1340 2265 reserva·

282 2296 358 2363 tam,
383 2306 420 2351 ac
436 2287 564 2352 interim
582 2287 733 2352 recitatur
750 2288 928 2373 Antiphone
953 2286 1021 2350 Vidi
1036 2309 1150 2373 aquom
1167 2296 1227 2353 etc.
1246 2287 1339 2355 decbr,

281 2374 425 2441 Missolr's.
444 2374 533 2454 Quod
550 2385 673 2462 spectat
690 2376 728 2442 ad
746 2376 874 2442 Missam
891 2375 929 2441 de
945 2364 1285 2454 Festobranslerondm
1303 2397 1340 2442 ac

281 2463 319 2531 de
332 2465 465 2550 Requie‚
477 2467 616 2550 itemque
633 2464 672 2531 ad
690 2465 844 2549 Exequias
857 2472 1014 2552 praesente
1026 2464 1195 2542 Cadavere,
1212 2464 1344 2559 attende

337 2786 377 2867 (³)
398 2789 430 2848 ln
451 2785 551 2848 Obicio
566 2785 724 2849 Dominicae
738 2785 966 2848 Resurrectionis
981 2785 1107 2868 cujusvis
1122 2786 1225 2867 Hymni
1241 2795 1340 2850 cantus

280 2868 434 2940 omittitur,
455 2867 521 2947 quia
543 2868 628 2928 simul
650 2885 683 2928 ac
704 2875 856 2943 resurgent
873 2866 941 2946 jnsti
973 2871 1150 2946 llymnorum
1180 2867 1241 2928 rice
1272 2866 1345 2935 inci*

280 2947 361 3025 pient
383 2965 435 3026 per
456 2947 534 3007 vicos
555 2947 715 3008 Jerusalem
742 2947 867 3007 coelestis
894 2946 1036 3008 modulari
1052 2955 1190 3009 aeternum
1206 2948 1343 3024 Alleluia.

281 3031 406 3106 lnsuper
427 3025 492 3087 ideo
513 3027 706 3087 excluduntur
727 3026 879 3106 capitula,
901 3026 967 3106 qnia
991 3027 1051 3089 baec
1073 3026 1209 3090 nimirum
1231 3029 1344 3090 inducta

282 3106 421 3168 ridentur
441 3106 475 3167 ad
498 3105 624 3166 animum
646 3106 784 3184 tantisper
807 3106 995 3167 redolentium
1018 3106 1153 3184 longioris
1176 3107 1344 3168 Psalmodlae

282 3186 478 3248 modulatione
499 3187 628 3260 lessum3
651 3195 748 3246 contra
770 3204 839 3246 roro
860 3187 890 3246 in
911 3186 1141 3259 Resurrectione,
1156 3188 1237 3267 cujus
1252 3187 1344 3266 quod-

281 3267 347 3327 dam
372 3266 536 3345 symbolnm
559 3274 602 3326 est
621 3264 752 3326 Officium
776 3266 919 3343 paschale,
943 3265 976 3325 iis
998 3285 1121 3347 quorum
1143 3267 1220 3327 relnt
1241 3265 1344 3346 aquila

278 3347 418 3426 juventus
439 3345 635 3418 renovabitur,
649 3345 727 3405 nulla
748 3345 872 3422 amplius
895 3345 998 3422 poterit
1018 3345 1155 3407 lassitudo
1175 3347 1343 3422 subrepere.
1447 3350 1454 3364 ⁶

281 3426 404 3490 Unicum
429 3427 543 3504 ponitur
564 3429 741 3486 Nocturnum
763 3443 827 3486 curn
843 3425 935 3485 tribus
952 3425 1140 3497 Lectionibus,
1157 3425 1250 3486 tribus
1265 3423 1343 3485 Psal-

283 3507 350 3577 mis,
373 3504 467 3566 tribus
487 3506 667 3583 Antiphone,
680 3514 711 3564 nt
733 3523 835 3582 nempe
856 3504 1033 3580 significetur
1054 3505 1138 3564 nnius
1159 3510 1264 3566 virtute
1279 3504 1360 3565 Tri?

279 3585 391 3657 nitatis,
412 3603 467 3664 qna
491 3585 629 3663 per-lectio
651 3585 744 3645 omnis
774 3583 944 3655 continetur,
968 3583 995 3643 in
1012 3584 1093 3644 nobis
1108 3602 1222 3664 quoqne
1239 3584 1341 3663 imple-

280 3676 342 3727 tum
366 3665 401 3726 iri
426 3663 653 3726 Resurrectionis
685 3665 862 3744 Mysterinm.
896 3664 991 3725 Primo
1018 3671 1052 3735 nl.
1074 3664 1205 3726 subditur
1238 3667 1344 3725 Gloria

282 3748 377 3807 Patri
395 3744 429 3806 ad
454 3748 545 3806 Deum
577 3763 689 3805 summa
717 3743 890 3805 exultatione
912 3743 1153 3819 collaudandum,
1175 3742 1224 3825 quii
1245 3748 1343 3811 terum

282 3826 432 3888 Christum
454 3823 631 3886 crucifixum
655 3825 740 3885 bodie
762 3825 869 3885 mondo
890 3824 1059 3902 obstupente
1082 3824 1231 3886 amortuis
1251 3824 1343 3888 susci·

283 3908 364 3968 terit.
387 3909 452 3966 Post
475 3905 583 3965 Gloria
605 3907 697 3966 Patri
716 3904 856 3981 integrum
879 3914 911 3976 nt.
934 3905 1085 3982 repetitur,
1105 3914 1135 3966 ut
1163 3922 1344 3966 commonea-

282 4003 359 4058 mur,
380 3985 487 4046 dirinoe
508 3984 738 4046 Resurrectionis
754 3985 921 4063 llystcriom
944 3984 1030 4045 menti
1052 3994 1155 4047 uostrae
1176 3985 1259 4045 altius
1281 4002 1344 4045 esse

282 4063 440 4146 figendum,
460 4074 489 4128 et
509 4065 570 4146 jugi
592 4064 790 4129 recordatione
811 4065 1005 4130 recolendum.
1021 4067 1068 4130 lto
1087 4065 1180 4145 ferme
1196 4063 1342 4127 Tetmnus.
