3484 4875
366 465 430 531 tao
678 484 1075 532 tununenmnorrourun

343 591 458 659 Ccsma
473 598 506 658 et
520 590 692 659 bamiauus
708 589 785 682 (Ss.)
801 591 833 657 in
850 589 977 656 Conone
992 590 1097 656 llissae
1113 590 1276 677 inscripti,
1292 610 1330 657 an
1345 591 1392 657 sint

386 682 435 748 illi
455 682 508 767 qui
524 680 556 746 in
572 680 714 747 Ecclesia
737 681 886 748 coluntur
909 679 959 745 die
973 679 1015 745 at
1033 678 1247 765 Septembris,
1265 679 1390 746 adacti

389 768 501 837 Octcb.
525 790 556 835 ιι.
579 768 604 834 Ι.

343 856 445 925 Credo
468 862 500 924 in
523 858 629 934 Missa,
653 857 766 944 quibus
790 858 821 923 in
844 855 934 923 lestis
958 858 1063 922 locum
1086 855 1217 932 habeat,
1241 856 1348 923 adnot.
1363 855 1391 921 u

386 946 458 1012 lan.
475 968 505 1012 ιι.
523 946 561 1012 ΙΙ.
578 947 646 1013 Non
663 947 778 1013 dicitur
793 947 824 1012 in
840 946 947 1022 Missa,
965 946 997 1011 in
1014 965 1075 1031 qua
1091 945 1128 1010 fit
1144 945 1391 1011 commemoratio

386 1034 460 1102 lesti
483 1036 586 1102 instar
608 1036 762 1122 simplicis
788 1034 887 1101 Credo
911 1034 1068 1110 habentis,
1095 1054 1122 1099 c.
1147 1033 1167 1099 6
1192 1054 1224 1099 n.
1249 1034 1287 1109 o;
1310 1054 1393 1121 neque

385 1124 418 1188 in
448 1124 527 1199 illa,
556 1124 589 1189 in
619 1145 680 1211 qua
710 1125 874 1210 peragitur
903 1123 1163 1190 commemoratio
1201 1123 1393 1189 anniversarii

386 1211 639 1280 Consecrationis
662 1212 821 1298 Episcopi,
837 1233 864 1278 c.
882 1213 902 1278 8
919 1233 949 1278 n.
967 1212 1019 1277 ll.
1037 1211 1084 1276 Αιι
1102 1211 1231 1277 dicatur
1248 1213 1282 1276 in
1306 1212 1392 1277 Missis

386 1302 521 1378 votiviS,
552 1301 628 1368 ibid.
652 1323 683 1367 n.
706 1302 759 1367 Ἠ.
783 1301 832 1366 lin
854 1302 888 1367 in
910 1301 1004 1366 Missa
1028 1300 1210 1386 cujuspiam
1233 1301 1346 1377 Beati,
1366 1300 1393 1365 de

387 1409 449 1475 quo
473 1389 608 1456 habetur
627 1391 759 1474 insignis
783 1389 937 1476 Reliquia,
953 1390 1060 1454 adnot.
1079 1389 1119 1454 l5
1141 1389 1238 1454 lllart.
1257 1410 1290 1454 ιι.
1307 1388 1344 1454 ll.
1357 1390 1394 1453 lu

385 1477 418 1543 in
448 1478 550 1544 Ecstis
580 1478 791 1546 Patronorum
822 1480 927 1544 minus
959 1478 1206 1564 principalium,
1234 1477 1344 1544 adnot.
1365 1477 1394 1542 lt
1435 1543 1437 1548 .

386 1566 457 1633 lan.
481 1588 511 1633 n.
535 1566 573 1633 ll.
598 1566 633 1633 ln
656 1568 751 1633 blissa
774 1587 846 1633 cum
869 1575 987 1643 cantu,
1014 1566 1111 1631 Credo
1136 1574 1188 1631 est
1210 1568 1337 1651 integre
1356 1586 1394 1631 ca·
1435 1571 1437 1576 ’

267 1709 270 1722 .
386 1654 536 1730 nendum,
553 1657 677 1721 etiamsi
700 1657 955 1722 intermisceatur
979 1653 1151 1739 Organum,
1177 1655 1255 1720 ibid.

348 1742 431 1807 Crux
448 1752 591 1829 tempore
607 1743 767 1810 Passionis
784 1744 919 1828 tegenda
936 1751 984 1810 est
998 1745 1068 1809 velo
1083 1745 1239 1820 violaceo,
1256 1743 1398 1809 anuntio

391 1839 487 1916 temp.
516 1833 676 1899 Passionis
706 1853 736 1898 n.
763 1834 791 1898 l.
815 1835 864 1898 An
895 1833 964 1897 velo
995 1832 1066 1897 albo
1093 1832 1187 1897 Eeria
1209 1833 1237 1897 V
1262 1833 1296 1898 in
1318 1833 1399 1897 Coena

387 1917 524 1996 Domini,
548 1927 654 1987 annot.
676 1922 707 1985 in
731 1920 830 1987 Hebd.
855 1921 966 2007 major.
991 1941 1021 1986 n.
1040 1921 1091 1986 to.
1110 1920 1174 1986 Cur
1198 1920 1319 1986 Cruces
1342 1941 1399 1986 coo

387 2008 562 2094 pariantur,
579 2029 650 2096 pag.
668 2011 732 2075 255
749 2011 781 2075 in
805 2019 890 2076 nota.
907 2009 1016 2075 Crucis
1033 2012 1301 2077 commemoratio
1317 2029 1400 2096 quan

388 2096 428 2161 ob
453 2118 583 2163 causam
613 2099 668 2164 liat
691 2107 833 2185 tempore
856 2098 1023 2174 Paschali‚
1055 2119 1127 2184 pag.
1160 2100 1226 2164 275
1260 2099 1294 2164 in
1325 2108 1399 2165 nola.

386 2184 465 2258 Vide
487 2185 620 2272 bionum
641 2188 673 2252 S.
697 2187 812 2254 Crucis.

346 2272 433 2360 Cycli
456 2274 497 2340 ad
519 2275 744 2342 llalendarium
766 2283 945 2361 spectantes
969 2276 1098 2361 quinam
1115 2284 1202 2353 sunt,
1227 2299 1257 2343 c.
1283 2276 1300 2341 l
1325 2298 1354 2340 ιι.
1376 2276 1400 2338 l.

347 2360 460 2449 Cyclus
484 2362 615 2442 Solaris,
639 2364 714 2451 quid
737 2365 779 2429 sit
801 2373 834 2429 et
856 2384 914 2429 cur
936 2365 982 2430 sic
1005 2365 1204 2452 appellatuS,
1228 2387 1258 2432 c.
1283 2368 1301 2430 l
1326 2385 1355 2431 n.
1375 2363 1400 2429 C.

342 2806 476 2874 Decreta
500 2809 633 2894 legenda
657 2811 687 2876 in
710 2810 837 2896 publica
853 2830 962 2875 mensa
985 2810 1068 2896 apud
1092 2809 1287 2894 Regulares‚
1304 2811 1400 2877 adnot.

388 2896 403 2960 l
430 2896 511 2972 lan,
536 2900 550 2962 l
577 2898 681 2975 Ecbr,
705 2900 721 2964 l
748 2899 850 2975 llari,
876 2899 891 2962 l
918 2897 992 2975 lut,
1016 2900 1032 2964 l
1053 2900 1144 2983 Aug,
1169 2909 1248 2987 post
1273 2902 1312 2966 ot
1337 2899 1401 2985 llaji

387 3003 417 3049 n.
441 2982 482 3047 Vl
506 2994 537 3051 et
560 2995 666 3052 annot.
679 2989 723 3056 ,in
745 2987 823 3052 ddv.
847 3008 878 3052 n.
903 2989 933 3053 9.

342 3070 505 3137 Dedicatio
532 3073 681 3141 Ecclesia
704 3077 772 3161 ipsa
796 3075 847 3141 die
870 3074 1136 3141 Consecrationis
1163 3074 1338 3154 Quodnam
1358 3075 1403 3144 ot-

388 3160 495 3227 licium
519 3171 568 3228 est
589 3164 788 3231 recitandum
812 3184 920 3230 coram
944 3163 1097 3249 Reliquiis
1122 3164 1230 3250 pridie
1256 3187 1406 3254 exponen·

389 3248 455 3324 dis,
479 3271 506 3316 c.
530 3251 550 3317 E
574 3273 604 3317 ιι.
628 3254 659 3318 E.
683 3253 742 3319 Ubi
764 3252 978 3318 inchoandum
1000 3252 1219 3319 Dedicationis
1245 3253 1405 3328 Officium,

387 3338 463 3403 ibid.
488 3360 518 3405 ιι.
544 3340 572 3404 5.
596 3341 622 3406 A
647 3340 760 3426 quibus
784 3341 994 3418 recitandum,
1017 3341 1093 3406 ibid.
1119 3339 1216 3420 Quin,
1242 3345 1273 3409 si
1297 3345 1405 3410 Conse-

272 3475 273 3478 .
387 3429 488 3493 oratio
512 3428 567 3494 liat
591 3429 641 3494 die
664 3429 825 3515 impedita,
849 3430 924 3496 ibid.
942 3429 1018 3510 Qua
1041 3429 1148 3506 Missa,
1167 3434 1406 3499 consecratione

385 3524 529 3670 limiti}
552 3517 1405 3690 tt.ttltltttt.tt¹l.tttittlltfttt‚tt

386 3689 528 3759 Ecclesia
551 3694 690 3780 undiquc
713 3694 875 3761 circumiri
897 3703 1045 3782 nequeat,
1068 3695 1144 3760 ibid.
1172 3718 1204 3764 n.
1231 3701 1263 3765 5.
1290 3698 1403 3765 [inade-

387 3777 449 3842 cim
473 3779 590 3848 Cruces
614 3791 767 3868 perpetuo
794 3803 961 3850 remanere
985 3784 1117 3860 debent,
1141 3784 1222 3852 ibid.
1248 3787 1330 3854 Vide
1349 3789 1402 3852 Ac·

385 3868 589 3934 aiverscriuno
613 3871 830 3937 Dedicott'oor's.

342 3952 603 4039 Desponsationis
625 3959 659 4024 B.
684 3959 722 4024 bl.
739 3959 775 4026 V.
799 3959 929 4026 Eestom
953 3961 1036 4027 inter
1058 3960 1218 4046 primaria
1244 3980 1402 4032 connune

385 4050 486 4119 ratur,
510 4044 615 4113 adnot.
639 4046 681 4112 bb
704 4048 774 4114 Jan.
790 4069 821 4115 n.
838 4049 863 4115 l.
880 4049 938 4117 llbi
955 4050 986 4116 in
1002 4071 1039 4116 eo
1063 4048 1119 4115 liat
1141 4051 1399 4121 commemoratio
