3484 4875
477 536 570 583 carm
585 536 625 582 rr.
642 536 680 581 nn
696 534 914 581 resumamus
930 534 1081 580 rasroauu
1243 513 1284 581 lb

243 644 297 711 SS.
314 643 432 711 ilordis
449 642 537 721 iesu,
557 643 613 710 SS.
631 643 863 729 Redemptoris,
884 642 1076 709 inventionis
1092 650 1124 708 et
1139 641 1312 708 Exaltatio·

242 736 292 800 nis
314 733 348 799 S.
374 734 502 811 Crucis,
525 731 685 800 Orationis
708 731 744 798 u.
761 733 798 799 N.
814 731 842 798 J.
867 731 983 797 Christi
1006 733 1038 797 in
1062 732 1166 797 Monte
1188 730 1313 807 oliveti,

241 822 570 889 Commemorationis
602 823 783 899 Passionis,
814 820 870 887 SS.
903 820 1062 897 Sindonis,
1085 820 1315 887 Pretiosissimi

242 910 429 997 Sanguinis,
453 910 600 995 Quinque
622 910 807 986 Vulnemm,
824 911 954 975 Coronae
971 908 1105 995 Spineae,
1129 918 1160 976 et
1179 910 1312 984 similia;

241 1001 317 1065 item
343 1000 442 1066 Festa
466 999 523 1066 SS.
547 1000 690 1066 Nominis
706 1010 738 1064 et
753 998 809 1065 SS.
827 997 938 1063 Cordis
959 998 1075 1074 iiiariae,
1092 998 1313 1074 ilaternitatis‚

245 1089 416 1167 inritatis,
442 1089 686 1166 Consolationis,
709 1088 898 1164 Suocnrsus,
921 1086 1115 1164 Gratiarum,
1137 1080 1325 1154 Patrocinii'

250 1397 320 1459 denti
338 1394 527 1459 annotatione
543 1396 624 1474 (pop.
640 1393 689 1471 to)
703 1396 903 1469 abscessimus,
925 1397 1078 1470 contendit,
1100 1400 1128 1459 S.
1151 1401 1185 1458 li.
1201 1400 1232 1458 C.
1256 1416 1312 1477 per

251 1496 378 1556 responsa
403 1477 453 1537 iiia
467 1495 518 1537 san
534 1481 654 1537 Decreta
669 1476 723 1536 sibi
739 1476 857 1556 quidem
874 1478 1058 1556 proposuisse
1072 1477 1259 1539 subdividens
1276 1477 1312 1537 in

250 1558 314 1618 duas
332 1558 446 1619 classes
465 1556 648 1616 subalternas
665 1574 904 1635 unamquamque·
916 1576 952 1617 ex
975 1558 1067 1619 tribus
1090 1556 1192 1636 primis
1210 1558 1310 1619 classi·

246 1636 296 1698 hus
310 1636 487 1716 duplicium,
509 1636 545 1695 ita
562 1644 593 1695 ut
613 1636 636 1694 si
651 1643 731 1695 antea
747 1636 927 1697 habebantur
941 1646 1064 1716 quatuor
1079 1646 1188 1697 tantum
1205 1638 1312 1699 classes

242 1717 415 1796 duplicium,
438 1735 543 1795 nempe
565 1718 666 1792 primae
686 1715 795 1782 classis.
817 1718 952 1777 secundce
974 1717 1082 1787 classis,
1105 1717 1231 1795 dupiicia
1256 1737 1314 1778 ma·
1370 1724 1373 1730 '

239 1799 300 1878 jora
315 1807 345 1857 et
357 1795 489 1875 dupiicia
505 1796 625 1870 minora3
649 1813 724 1854 nunc
740 1796 899 1857 habeantur
914 1806 1033 1877 septem,
1049 1797 1194 1858 videlicet:
1217 1801 1237 1860 i.
1256 1801 1314 1859 Du·

243 1877 326 1957 plicia
356 1874 497 1956 primaria
529 1880 540 1936 i
575 1875 684 1937 classis.
716 1880 749 1935 ii.
782 1874 914 1953 Duplicia
946 1877 1115 1938 secundario
1151 1880 1163 1938 i
1197 1877 1311 1938 classis.

242 1962 286 2019 iil.
302 1956 440 2036 Duplicia
462 1957 599 2035 primaria
622 1959 640 2017 b
662 1955 770 2015 classis.
793 1959 841 2017 iV.
858 1957 990 2034 Duplicia
1012 1956 1215 2018 secundariu2
1237 1956 1317 2018 clas·

242 2040 290 2098 sis.
312 2040 351 2097 V.
374 2036 507 2115 Dupiieia
531 2034 638 2114 majora
661 2034 807 2111 primaria.
840 2039 887 2096 Vl.
910 2036 1041 2114 Duplicia
1064 2036 1171 2116 majora
1204 2055 1311 2099 secun-

240 2118 331 2179 daria.
357 2118 419 2179 vu.
435 2120 556 2177 Deutum
573 2115 698 2193 dupiicia
723 2116 849 2190 minora3
872 2117 923 2176 sed
946 2135 1092 2197 rrunquam
1114 2124 1241 2178 statuere
1264 2135 1315 2179 ro-

241 2199 329 2260 iuisse
352 2204 386 2257 ut
404 2197 499 2257 oninia
516 2195 763 2256 indiscriminatim
779 2200 860 2256 Festa
876 2196 1014 2274 primaria
1030 2197 1139 2256 ratione
1154 2197 1197 2257 sni
1215 2197 1315 2260 iurent

245 2296 357 2353 semper
378 2275 508 2355 dupiicia
530 2275 676 2352 primaria,
700 2294 751 2335 nec
772 2275 901 2336 vicissim
922 2276 1016 2335 omnia
1032 2280 1114 2338 Festa
1136 2277 1312 2338 secundaria

248 2356 369 2434 dupiicia
390 2355 575 2417 securtdaria.
607 2359 646 2415 Ex
668 2373 724 2432 qua
746 2355 879 2434 opinione
912 2356 1049 2432 praeimus
1070 2359 1179 2416 Auctor
1206 2357 1312 2416 asserit

244 2440 291 2499 iiia
312 2445 420 2498 mntem
444 2439 526 2498 Festa
547 2455 610 2496 esse
631 2433 757 2512 dupiicia
783 2434 920 2513 prinraria
942 2435 992 2514 (et
1008 2456 1059 2515 per
1074 2454 1255 2515 consequeus
1275 2435 1308 2499 in

245 2521 404 2600 aequaiitate
429 2516 502 2578 ritus
523 2515 700 2577 secundariis
716 2517 897 2593 praeterendo
910 2513 931 2590 ),
954 2533 1019 2593 quae
1040 2524 1171 2593 spectant
1191 2517 1226 2576 ad
1249 2536 1312 2578 cer·

247 2607 302 2658 tana
321 2597 445 2658 classem
477 2614 530 2674 per
560 2614 727 2674 expressam
749 2595 886 2656 Robrica
912 2595 1150 2673 dispositionem
1181 2594 1312 2675 dupiicia

248 2696 314 2740 vero
335 2676 507 2738 secundaria
539 2694 601 2736 esse
633 2673 743 2754 reliqna
766 2678 866 2746 Festa,
898 2693 963 2753 quae
989 2685 1119 2755 spectant
1140 2674 1175 2735 ad
1199 2685 1312 2738 certam

245 2759 362 2821 classem
393 2774 454 2818 non
486 2775 539 2834 per
569 2773 736 2835 expressam
758 2754 892 2816 Rubricae
922 2754 1162 2834 dispositionem,
1192 2756 1244 2817 sed
1275 2775 1311 2818 cx

239 2843 266 2900 S.
285 2837 376 2904 Sedis
396 2837 603 2908 concessione,
631 2835 675 2894 vei
705 2853 758 2912 per
776 2834 934 2912 legitimam
955 2836 1193 2897 consuetudinem
1216 2838 1308 2899 Buiiae

239 2921 337 2981 Pianae
357 2915 551 2992 antenorem
575 2915 629 2977 uisi
651 2933 686 2975 ex
708 2916 769 2992 ipsa
791 2914 1008 2989 cousuetudine,
1031 2917 1075 2976 vel
1097 2935 1133 2978 ex
1154 2917 1311 2994 particula·

239 3000 322 3061 ribus
344 3000 376 3058 S.
395 2995 477 3058 Sedis
498 2994 731 3066 concessionibus
752 2995 846 3072 colligi
870 2997 942 3056 iorte
965 3006 1080 3072 posset,
1102 2997 1203 3058 eadem
1226 3001 1308 3059 Festa

239 3075 388 3141 recenseri
407 3074 516 3137 debere
538 3076 612 3138 intcr
632 3073 758 3155 dupiicia
779 3074 916 3154 primaria
939 3076 1017 3136 iiiios
1038 3077 1148 3138 classis.
1175 3076 1231 3138 Sed
1248 3076 1309 3139 hacc

241 3159 337 3237 opinio
360 3174 418 3217 non
439 3154 554 3216 videtur
575 3155 781 3234 ampiectenda.
803 3159 843 3214 Ex
859 3155 920 3232 ipsa
935 3157 1011 3216 enirn
1027 3168 1208 3234 sequeretur,
1224 3159 1310 3218 Festa

240 3243 356 3301 immac.
371 3235 572 3313 conceptionis
586 3245 615 3297 et
631 3234 804 3298 visitationis
819 3239 849 3296 B.
864 3239 901 3296 li.
919 3238 964 3306 V,
979 3239 1007 3296 S.
1023 3237 1131 3315 ioseph
1146 3242 1196 3316 Sp.
1212 3237 1309 3316 ejusd.

242 3323 269 3380 li.
288 3324 327 3382 ll.
352 3323 400 3389 V,
421 3319 451 3376 S.
473 3317 609 3396 Stephani
632 3320 773 3383 hrotam..
809 3319 852 3375 Ss.
875 3315 1091 3387 innocentium,
1123 3321 1152 3378 S.
1174 3316 1308 3379 inachim

243 3402 341 3474 Patris,
363 3405 392 3460 et
412 3400 441 3458 S.
463 3398 553 3456 dnuoe
574 3396 671 3457 listris
693 3398 722 3455 B.
745 3396 782 3454 li.
805 3398 838 3454 V.
862 3414 916 3456 non
938 3395 1062 3472 amplius
1086 3396 1146 3457 iore
1169 3395 1224 3455 nisi
1246 3395 1319 3458 dun

244 3479 324 3556 plicia
346 3475 530 3547 secundaria,
551 3476 616 3555 quia
639 3495 694 3537 non
716 3474 902 3552 reperiuntur
924 3476 952 3535 in
975 3474 1107 3536 Rubricis
1132 3475 1188 3535 Tit.
1205 3473 1252 3534 iX
1267 3477 1303 3535 de

250 3561 396 3621 &marem
421 3556 457 3616 ab
479 3555 592 3616 Urbano
615 3559 676 3617 iiiii
698 3555 868 3631 recognitis,
901 3564 965 3633 post
985 3573 1070 3634 quem
1094 3556 1172 3615 nulia
1194 3555 1303 3617 additio

254 3637 324 3718 (qna
343 3635 464 3720 quidem
486 3635 659 3709 innotuerit)
680 3656 695 3695 a
718 3636 843 3711 legitima
863 3635 1033 3695 auctoritate
1056 3635 1192 3695 liubricis
1213 3653 1303 3712 geue-

252 3719 348 3782 raiibus
370 3715 512 3780 breviarii
534 3716 605 3775 iacta
627 3723 679 3776 cst.
701 3720 770 3776 item
792 3718 873 3775 Festa
895 3716 989 3774 ornuia
1006 3715 1209 3787 Rarissimam,
1225 3716 1302 3776 liioe«

252 3801 348 3861 casium
379 3805 410 3859 et
435 3794 575 3858 Ordiuum
605 3795 788 3871 Regularium
821 3795 959 3873 propria,
991 3795 1121 3874 exceptis
1153 3796 1303 3856 dumtaxat

253 3880 332 3941 iestis
353 3875 546 3941 Dedicationis
576 3883 604 3934 ct
623 3874 795 3936 Titniarium
827 3875 1012 3953 propriarum
1044 3875 1237 3936 Ecclesiarum
1267 3894 1300 3936 ac

256 3958 430 4022 bunuorum
452 3959 592 4017 Locorum
613 3956 793 4034 respective,
820 3973 876 4014 non
909 3965 1004 4016 essent
1024 3955 1079 4015 nisi
1106 3955 1231 4033 dupiicia
1254 3973 1300 4016 se-

258 4039 398 4114 rmdarir3
427 4036 494 4117 quia
515 4033 647 4095 similiter
667 4037 761 4105 ritus,
791 4051 877 4113 quem
899 4035 1023 4104 liabent,
1051 4034 1121 4113 ipsis
1144 4054 1197 4095 non
1219 4053 1299 4096 com·

261 4118 314 4204 tulit
331 4139 366 4182 ea
389 4118 447 4180 ulia
468 4133 606 4195 expressa
625 4116 760 4178 [iubricae
779 4115 974 4193 dispositione.
998 4116 1101 4195 Ecquis
1129 4131 1215 4192 porro
1236 4114 1298 4179 haee

352 4199 374 4266 i
