3484 4875
363 488 426 555 196
598 508 819 556 unuornrroucs
836 510 866 556 m
883 509 973 555 rusrr
988 508 1145 555 rranutnn

384 618 469 681 cium
485 614 718 682 purificationis
733 625 783 683 est
798 616 1027 704 reponendum,
1044 613 1189 682 Cilicium
1203 613 1269 681 illud
1279 620 1340 680 tras

382 703 484 771 lertur
501 704 532 770 in
549 704 632 769 diem
656 706 833 790 proximam
856 726 920 772 non
935 704 1133 792 impeditam,
1149 724 1186 770 ae
1201 704 1241 769 ita
1257 710 1341 791 putatu
1363 725 1367 752 τ

388 793 521 858 Decroto
545 793 592 858 illi
615 794 773 860 satisfieri.
1341 789 1345 800 '

427 881 465 946 11.
491 880 524 945 Si
548 882 652 966 aliqua
676 881 714 947 de
738 902 834 949 cansa
858 880 1049 949 celebranda
1065 882 1109 947 sit
1124 881 1218 947 Missa
1237 879 1265 947 S.
1277 877 1337 944 ltl

386 971 447 1036 erit
468 969 647 1036 Sacerdotes
669 971 728 1036 Dei
750 971 788 1037 de
811 972 986 1037 Communi.
1012 971 1137 1037 Alicubi
1161 979 1209 1035 est
1229 969 1330 1056 proprie
1372 971 1381 1038 ἴ

342 1059 371 1125 b.
395 1095 440 1108 -
462 1059 486 1123 Ι.
510 1057 543 1123 Si
567 1059 715 1145 quapiam
738 1058 777 1125 de
801 1080 897 1126 causa
919 1060 1047 1126 recitari
1080 1060 1245 1143 contigerit
1270 1057 1341 1143 pri3
1373 1091 1381 1099 ·

385 1147 541 1233 Vesperas
564 1148 704 1231 integras
732 1147 764 1213 S.
788 1149 950 1234 Agathe,
971 1148 1120 1214 dicuntur
1142 1147 1309 1234 Autipboua
1374 1172 1381 1204 r

386 1234 556 1311 Laudibus,
579 1236 697 1302 Psalmi
721 1236 760 1302 de
782 1238 946 1303 [lominica
970 1245 1001 1303 et
1028 1238 1100 1303 loco
1129 1238 1233 1301 ultimi
1251 1234 1324 1300 Psal
1366 1261 1381 1273 ¹

386 1324 527 1391 Lorrdcte
551 1324 715 1390 Dominum
739 1347 843 1391 omres
869 1326 996 1415 Gentes,
1021 1326 1203 1411 Capitulum

388 1422 448 1479 etc.
473 1413 568 1478 liubr.
593 1414 651 1477 bic.

430 1502 468 1567 11.
493 1500 526 1567 Si
550 1500 695 1567 Officium
718 1501 750 1567 S.
767 1501 899 1587 Agathan
923 1500 1147 1579 transferatur,
1164 1502 1192 1584 i.
1215 1521 1269 1587 pro
1281 1497 1305 1564 S.

386 1592 498 1656 rotbea
521 1590 553 1654 in
569 1590 717 1676 Vesperis
734 1593 794 1656 erit
809 1591 927 1679 Specie,
944 1594 975 1657 in
992 1591 1153 1657 Laudibus
1177 1590 1295 1677 Diffusa.
1309 1581 1347 1675 is
1373 1637 1381 1646 .

388 1701 413 1744 e.
432 1680 451 1744 b
468 1702 497 1743 n.
516 1678 567 1744 10.
584 1678 641 1745 Ubi
666 1679 697 1745 S.
716 1679 883 1745 llorotbeae
905 1680 1002 1745 Missa
1021 1680 1213 1756 celebratur,
1229 1698 1262 1743 ea
1281 1683 1316 1756 est
1341 1674 1345 1693 ¹
1373 1687 1381 1718 ⁴

387 1777 626 1855 expectaverunt
650 1767 688 1833 de
711 1767 877 1834 Communi
899 1768 1037 1834 Virrinis
1062 1776 1094 1832 et
1118 1767 1272 1855 Martyris.

345 1862 374 1924 u.
399 1855 659 1940 -Ubicumque
685 1857 916 1923 Purificationis
965 1866 1069 1922 estum
1087 1858 1194 1940 agitur
1216 1874 1280 1922 cum
1298 1849 1336 1917 uc

388 1965 443 2019 ra,
466 1943 575 2019 hodie,
599 1946 627 2009 si
649 1946 744 2011 modo
767 1946 903 2011 necdum
927 1947 1059 2032 coeperit
1082 1944 1319 2029 Quadragesima

388 2031 507 2098 Octava
542 2032 592 2098 die
629 2031 774 2099 Ollicium
807 2035 1000 2121 persolvitur
1034 2034 1171 2121 sumptis
1207 2030 1325 2098 omnibu

390 2121 484 2187 Festo
507 2130 625 2208 praeter
653 2122 842 2199 LectioneS‚
866 2144 936 2209 qum
964 2124 998 2188 in
1021 2124 1125 2209 primo
1147 2121 1298 2188 Noctumo

388 2209 563 2298 Scriptura¹
587 2213 795 2289 occurrentis,
811 2212 843 2278 in
866 2211 1005 2277 seeundo
1029 2219 1061 2277 et
1084 2212 1180 2277 tertio
1204 2219 1239 2277 ut
1258 2211 1286 2275 in
1318 2228 1339 2261 r

387 2301 475 2367 vario
499 2300 652 2376 Romano,
676 2320 749 2366 cum
772 2302 1074 2368 commemoratione
1096 2308 1129 2365 et
1151 2318 1236 2366 nona
1256 2293 1328 2364 beri
1351 2347 1352 2351 η

389 2386 421 2456 S.
445 2389 633 2476 Apollonia,
657 2390 684 2455 si
707 2389 888 2457 celebretur
910 2389 968 2457 sub
992 2390 1057 2455 ritu
1081 2389 1232 2476 simplici.

347 2478 398 2543 11.
422 2478 522 2544 -Si
545 2479 804 2544 commemoratio
829 2480 861 2545 S.
885 2479 1042 2545 Valentini
1067 2479 1216 2566 Martyris
1237 2477 1287 2542 liat
1311 2476 1331 2516 e.

389 2568 484 2634 tertia
506 2575 580 2654 post
602 2567 798 2632 Dominicam
821 2569 959 2654 primam
982 2566 1252 2652 Quadragesimce‚
1268 2584 1315 2631 coc
1338 2627 1342 2636 .

388 2655 486 2722 tanda
509 2658 569 2722 erit
591 2656 676 2721 illius
701 2655 842 2732 Secreta,
865 2677 903 2721 ac
926 2655 1081 2722 sumenda
1104 2676 1142 2721 ex
1167 2656 1264 2721 Missa
1283 2652 1311 2719 ir
1341 2697 1350 2746 p

390 2753 462 2809 tute.
487 2742 520 2808 Si
543 2763 617 2809 vcro
641 2743 673 2808 S.
698 2744 856 2809 Valentini
879 2744 1008 2811 Festum
1032 2753 1145 2830 agetur
1169 2745 1229 2810 sub
1261 2744 1314 2810 ritu
1345 2743 1352 2788 s

390 2832 465 2918 plici
498 2832 548 2897 vel
577 2832 798 2918 semiduplici,
833 2834 934 2918 ipsius
956 2833 1051 2898 Missa
1076 2834 1138 2898 erit
1168 2833 1205 2899 Io
1227 2834 1324 2896 virtut?

391 2919 578 2995 Communi,
612 2941 686 2985 cum
715 2921 918 3008 Orationibus
942 2923 1102 3008 propriis;
1139 2919 1309 2988 Secretaa
1351 2943 1355 2960 ·

391 3008 550 3163 prmssdiotae
573 3007 673 3074 Feriae
695 3011 819 3096 legetur
842 3031 880 3076 ex
902 3011 993 3077 l'eria
1017 3017 1131 3096 quarta
1155 3008 1303 3097 sequenti.
1324 3010 1328 3020 ’
1352 3078 1356 3091 ,

393 3119 419 3162 c.
487 3119 517 3162 o.
543 3098 594 3162 15.

349 3185 400 3251 tt.
424 3222 468 3235 -
491 3183 514 3251 1.
539 3185 572 3250 Si
604 3184 732 3252 Festum
762 3187 898 3273 simplex
928 3184 978 3252 Ss.
1002 3187 1179 3275 Martyrum
1203 3180 1327 3252 Faustini
1357 3182 1358 3188 ’

391 3274 502 3340 Jovitae
525 3273 643 3340 incidat
666 3275 698 3341 in
721 3274 845 3341 Feriam
869 3277 996 3341 tertiam
1020 3285 1093 3362 post
1116 3274 1308 3342 Dominioam
1325 3279 1361 3353 td

390 3384 476 3430 mam
500 3362 767 3447 Quadragesimae,
784 3364 913 3429 illorum
936 3363 1066 3430 Secreta
1087 3364 1313 3451 permutabitur
1344 3380 1364 3410 ¹³*

390 3453 447 3518 illa
463 3474 533 3539 queo
556 3452 691 3518 habetur
713 3453 745 3518 in
760 3453 855 3518 Missa
870 3452 1071 3540 Sapientiam.
1089 3451 1123 3518 Si
1147 3472 1245 3538 porro
1265 3453 1354 3604 ipso

391 3539 537 3608 Oliioium
559 3541 772 3607 celebrabitur
803 3541 862 3607 sub
886 3543 950 3606 ritu
974 3540 1092 3628 duplici
1115 3543 1166 3606 vel
1189 3542 1268 3608 semi
1289 3533 1363 3623 opit·

390 3629 486 3696 lllissa
509 3631 570 3697 erit
592 3630 682 3696 Solos
704 3640 809 3695 cotem
832 3630 871 3696 de
895 3629 1082 3706 Communi,
1118 3648 1156 3695 ac
1192 3615 1366 3717 virissimil

392 3728 479 3783 creta
499 3719 599 3785 ueriae
622 3728 766 3785 sumetur
787 3737 825 3785 ex
847 3719 944 3786 Missa
966 3717 1068 3785 Feriee
1091 3725 1215 3804 quartae
1237 3711 1364 3804 sepierit·

394 3804 484 3884 Quod
507 3808 547 3874 ad
563 3806 708 3873 Olficium
731 3808 845 3873 attinet
868 3808 983 3875 borum
1006 3807 1056 3874 Ss.
1072 3807 1258 3895 Martyrum,
1280 3787 1364 3899 proll

392 3894 471 3959 timo
494 3895 524 3981 rt.
559 3895 674 3983 (extra
698 3902 823 3984 tempus
845 3894 1026 3983 Paschale)
1061 3915 1189 3984 semper
1218 3888 1363 3964 recitabittlt

392 3981 470 4051 Hceo
493 3994 536 4048 est
557 4005 630 4049 uero
653 3984 858 4052 Froteroitus.

435 4070 473 4140 11.
498 4068 630 4155 Quando
645 4073 775 4142 Festum
790 4073 823 4142 S.
840 4071 1008 4142 Romualdi
1024 4072 1157 4142 Abbatis
1173 4072 1279 4144 incidit
1293 4038 1381 4135 tulll
