3484 4875
358 486 426 553 ato
586 507 805 554 nnuornrrouos
820 506 850 553 m
864 506 955 552 rasos
970 505 1149 553 semnuums

378 608 506 675 Fratres
528 609 676 677 debitores
699 613 738 678 do
761 613 947 688 Communi,
972 614 1032 678 nisi
1056 610 1256 701 reponendum
1272 613 1288 676 si

379 699 491 763 uitium
514 700 586 766 libri
609 701 727 779 Tobiae,
750 722 833 767 nona
855 702 962 767 Lectio
987 711 1036 767 est
1059 702 1098 767 de
1123 702 1239 766 homilia
1256 700 1288 764 n:

379 787 468 871 cujus
493 792 751 855 commemoratio
775 792 880 874 agitur
911 789 1011 876 (ante
1040 792 1173 856 alteram
1195 789 1236 854 Ss.
1256 788 1287 853 Lu

374 878 451 939 'mie
474 885 506 941 et
529 876 694 944 Sociorum
710 877 895 965 Martyrum)
919 881 950 943 in
967 879 1129 944 Laudibus
1152 887 1182 943 et
1202 878 1278 942 blissa

270 999 272 1004 ·
380 964 480 1049 ipsius
510 966 679 1050 Evangelio
710 969 741 1032 in
770 969 874 1033 blissre
904 968 986 1042 tine;
1018 968 1088 1033 dirae
1119 987 1211 1054 porro
1237 966 1288 1029 dieu

379 1053 482 1117 btissoe
505 1054 755 1131 Conventuales,
786 1077 856 1142 quae
879 1057 940 1121 rite
963 1056 1153 1122 ordinantur
1175 1065 1285 1142 pronts

381 1139 576 1209 declaratum
600 1154 649 1208 est
665 1146 729 1210 cb
754 1166 783 1210 n.
806 1146 827 1210 “t
851 1153 883 1209 et
906 1164 993 1230 seqq.
1011 1145 1047 1210 ln
1070 1145 1166 1210 Missa
1189 1144 1232 1209 Ss.
1248 1144 1287 1207 Coi

381 1237 413 1294 et
435 1231 592 1317 Cypriani,
614 1236 645 1297 in
669 1231 818 1299 Oratione
842 1235 977 1298 Cononis
996 1233 1251 1299 Cornorunieeutes
1267 1252 1287 1295 a

381 1318 466 1383 mina
492 1320 623 1387 Cornelii
645 1330 676 1386 st
702 1322 850 1410 Cypriani
873 1323 1044 1388 inclinatur
1068 1333 1173 1408 caput.

424 1407 463 1471 11.
487 1409 616 1487 Quoties
648 1413 838 1477 transfertur
861 1410 1004 1476 Officium
1035 1410 1085 1476 Ss,
1111 1411 1242 1476 Cornelii
1267 1416 1287 1471 et

384 1496 496 1580 priam,
521 1499 707 1585 antiphonae
731 1510 763 1564 et
785 1501 830 1582 ii.
855 1520 913 1584 pro
937 1502 1235 1565 commemoratione
1254 1496 1283 1561 Ss

382 1582 516 1668 pbemiae
540 1596 571 1651 et
594 1589 761 1654 Sociorum
792 1596 960 1654 sumuntur
983 1609 1041 1653 suo
1065 1590 1137 1654 loco
1169 1588 1287 1653 eConu

381 1690 494 1758 nempe
517 1676 548 1740 in
572 1677 682 1762 primis
698 1676 845 1762 Vesperis
869 1676 984 1741 dicitur
999 1678 1133 1741 Istorum
1158 1687 1201 1742 est
1222 1676 1286 1739 enin

381 1760 414 1823 in
437 1762 594 1830 Laudibus
618 1774 722 1830 autem
745 1766 843 1829 Vestri
857 1765 963 1854 capilii
978 1776 1038 1830 ete.
1062 1765 1177 1831 Vidosis
1194 1787 1218 1830 o.
1236 1765 1286 1829 bru

425 1849 478 1915 111.
505 1852 561 1917 Ubi
584 1855 764 1919 celebratur
786 1855 881 1919 blissa
905 1854 952 1919 Ss.
971 1854 1154 1939 Euphemire
1178 1862 1209 1918 et
1229 1852 1286 1916 Sooi

381 1935 566 2026 Martyrum,
583 1963 619 2006 ea
637 1943 771 2028 petenda
788 1953 836 2008 est
859 1963 876 2008 e
900 1944 1064 2007 Communi
1088 1946 1193 2028 primo
1215 1945 1284 2014 ioco,

382 2045 420 2112 pc
442 2027 549 2106 Intret,
572 2030 775 2115 Euarugelium
800 2052 872 2096 uero
897 2040 945 2096 est
968 2032 1173 2107 Descendens,
1197 2040 1282 2115 atque

382 2116 486 2182 tiones
508 2127 583 2185 sunt
605 2122 754 2205 proprias.

340 2201 390 2268 17.
415 2242 458 2253 -
480 2206 504 2271 l.
528 2207 561 2273 Si
585 2207 713 2274 Festum
735 2229 900 2275 sacrorum
923 2208 1114 2292 stigmatum
1140 2209 1171 2275 S.
1197 2209 1229 2273 P.
1246 2207 1275 2273 N.

381 2293 458 2358 cisci
481 2296 627 2361 inciderit
649 2299 680 2362 iu
704 2298 845 2376 Quatuor
869 2300 1035 2382 Tempora,
1060 2317 1097 2362 ex
1122 2308 1231 2362 octaua
1252 2306 1277 2361 et

382 2379 530 2450 Lectione
556 2384 656 2473 (apud
679 2386 752 2473 uos)
777 2389 869 2453 ionica
895 2389 1105 2472 componitur,
1131 2394 1163 2451 et
1186 2383 1285 2452 rroual

383 2480 431 2536 est
455 2473 493 2538 dc
517 2475 645 2540 homilia
668 2475 788 2551 Feriae,
816 2479 905 2562 cujus
929 2477 1077 2540 nimirum
1101 2476 1138 2540 fit
1160 2495 1275 2560 quoque

381 2566 569 2629 memoratio
593 2565 625 2628 in
648 2564 807 2630 Laudibus
831 2576 862 2630 et
885 2566 978 2629 blissa
995 2585 1066 2629 cunr
1091 2565 1160 2650 ejus
1177 2566 1285 2646 Euaugr

382 2646 485 2715 biissae
498 2652 569 2727 bne3
586 2673 623 2716 ae
638 2652 720 2717 binae
737 2654 938 2719 celebrantur
954 2654 1056 2718 blissae
1069 2653 1285 2718 Conventuaios

383 2740 540 2818 quomodo
565 2741 748 2806 ordinandas
772 2743 845 2818 sint,
862 2750 986 2807 constat
1009 2761 1047 2806 cx
1070 2743 1136 2806 ec
1162 2764 1192 2806 n.
1209 2742 1229 2806 b
1249 2749 1276 2804 ct

425 2827 463 2890 ll.
477 2827 511 2892 lu
529 2829 620 2893 Festo
633 2850 798 2896 sacrorum
810 2831 1000 2915 Stigmatum
1014 2851 1071 2914 pro
1086 2829 1284 2896 universate

382 2912 523 3000 Hymnus
539 2916 598 2981 Iste
617 2918 774 3005 Confessor
790 2921 857 2984 viee
871 2921 899 3002 pi.
913 2918 980 2984 Hoc
996 2919 1045 2982 dio
1061 2919 1150 2983 treton
1167 2918 1272 2983 orreruit

381 3004 526 3068 recordere
549 3006 631 3071 sodes
653 3000 749 3073 bube't
765 3007 832 3073 Hae
848 3008 896 3072 die
921 3008 1008 3072 taetris
1030 3009 1146 3072 merent
1163 3009 1246 3072 beato
1265 3026 1284 3067 n

385 3090 511 3156 Christi:
534 3114 570 3159 ac
593 3095 625 3160 in
648 3095 770 3182 Hymno
785 3097 927 3162 Laudum
951 3116 1008 3182 pro
1025 3095 1172 3180 Miqrooit
1192 3098 1284 3159 interr

382 3179 585 3248 substituitur
610 3183 722 3249 Cirristi
751 3188 865 3273 recepit
887 3186 1040 3269 stipneoto.
1066 3184 1141 3249 Haec
1164 3204 1256 3271 porro
1278 3182 1284 3244 i

381 3270 458 3333 tatio
482 3279 636 3348 servatur,
660 3274 783 3338 etiamsi
808 3272 1016 3339 transferatur
1038 3272 1178 3338 Festum.
1203 3274 1232 3337 S.
1254 3270 1283 3334 u.

380 3363 463 3449 Sept.
489 3361 570 3425 1741
595 3361 627 3425 in
649 3363 766 3447 Aquom
791 3362 832 3427 od
854 3364 873 3427 8
898 3383 934 3426 oe
961 3361 1104 3426 Totumne
1133 3362 1173 3426 od
1196 3362 1268 3426 bone

340 3448 391 3516 tc.
414 3487 457 3499 -
479 3448 502 3514 1.
527 3449 560 3514 Si
584 3448 727 3515 Otbcium
751 3451 782 3516 S.
807 3451 937 3535 iosepbi
960 3470 978 3513 a
1002 3450 1174 3534 Cupertino
1199 3452 1228 3515 in
1251 3446 1283 3524 u

379 3541 536 3626 Tempora
565 3540 757 3615 occurrerit,
781 3560 864 3604 noua
886 3537 993 3602 Lectio
1024 3540 1180 3605 recitatur
1203 3539 1239 3603 de
1260 3535 1283 3598 tu

381 3627 491 3704 Feriae,
508 3630 546 3692 de
563 3647 624 3712 qua
648 3647 761 3713 nempe
785 3628 1043 3692 commemoratio
1068 3629 1174 3711 agitur
1189 3629 1219 3692 in
1234 3625 1283 3689 Lar

381 3727 412 3781 et
435 3718 529 3782 btissa
553 3736 624 3780 eum
647 3717 746 3802 ipsius
765 3716 933 3800 Evangelio
957 3718 987 3780 in
1012 3716 1116 3781 Missae
1140 3717 1217 3790 bne;
1233 3713 1282 3778 dua

382 3805 485 3870 Missae
515 3804 744 3870 Conventuates
775 3805 934 3880 dicuntur,
965 3825 1034 3890 quae
1065 3825 1128 3889 qua
1158 3806 1271 3871 ratione

383 3901 499 3957 nentur
521 3894 724 3979 perspicuum
747 3893 782 3958 su
805 3914 841 3959 es
866 3915 893 3958 c.
919 3894 938 3959 8
963 3915 993 3958 n.
1018 3893 1037 3957 ‘t
1062 3901 1094 3958 et
1118 3915 1205 3980 seqq.

424 3980 461 4045 ll.
486 3979 542 4046 Ubi
567 3983 733 4047 translatio
759 3982 842 4048 Festi
866 3981 974 4047 Sancti
998 3981 1129 4069 Joscpbi
1154 3982 1282 4069 jugiters

382 4079 431 4139 ost
452 4069 514 4137 diei
536 4070 578 4137 25
601 4071 651 4137 vel
674 4070 716 4139 26
740 4070 947 4159 Septembris
963 4071 990 4136 si
1014 4071 1141 4157 quando
1165 4073 1276 4138 ineam
