3484 4875
368 453 413 522 id
565 474 659 522 carun
675 477 709 523 u.
726 475 764 523 ne
781 475 933 523 ratuinus
949 472 1051 523 rrsrrs
1068 473 1208 523 coconuu

341 578 481 647 Oratorii
505 601 561 648 scu
585 582 745 670 Gappcllm
768 584 916 670 publicae,
941 584 1002 649 nisi
1025 583 1100 651 huie
1124 604 1208 649 unus
1232 583 1341 649 sallem
1355 581 1396 648 Sa·

342 668 456 735 cardos
480 678 643 757 tamquam
660 672 806 738 llireetor
829 692 886 739 seu
902 673 1018 738 Pastor
1040 673 1182 738 strictim
1206 672 1250 738 sit
1273 671 1398 755 designa·

342 766 394 823 lus
418 757 480 845 (uti
504 761 651 845 superius
676 761 819 826 clausula
844 762 863 825 5
889 760 1010 826 dietum
1034 769 1084 826 est
1108 756 1148 826 de
1172 756 1342 846 Ecclesia),
1359 758 1399 844 qui

342 866 380 911 ex
404 848 536 932 speciali
560 850 786 914 commissione
814 845 975 915 Ordiuarii
1001 870 1064 914 non
1090 856 1216 914 tantum
1233 848 1278 913 ibi
1293 848 1400 913 Missam

343 935 505 1011 celebret,
530 936 586 1002 scd
610 946 643 1001 ct
666 939 772 1004 munia
797 937 944 1022 quaedam
968 938 1166 1024 parochialia
1190 936 1295 1012 obeat,
1318 956 1344 1003 r.
1365 955 1400 1020 gr.

342 1023 521 1089 instruendi
546 1027 711 1110 populum,
743 1033 839 1112 alque
870 1025 1080 1091 Sacramenta
1108 1025 1334 1099 ministrandi,
1354 1043 1401 1109 quo

342 1130 418 1177 casu
440 1112 478 1177 dc
494 1112 630 1179 Titulari
652 1113 687 1178 lit
704 1121 739 1179 ut
755 1115 788 1180 iu
811 1112 955 1179 Ecclesia
972 1114 1100 1179 illerum
1116 1113 1267 1179 habente.
1283 1113 1314 1178 S.
1332 1111 1363 1177 ll.
1379 1111 1401 1177 d.

341 1198 599 1268 concrctam
622 1202 654 1266 ic
673 1202 843 1267 Cadurcos.
867 1200 1003 1267 Nomine
1028 1209 1136 1268 aulem
1153 1201 1307 1267 Ecclesia
1330 1200 1402 1266 intel·

341 1287 453 1371 ligitur
477 1309 569 1354 sacra
601 1290 656 1354 illa
689 1290 784 1365 redes,
808 1309 880 1373 quae
911 1290 983 1354 idco
1006 1290 1211 1375 potissimum
1237 1295 1402 1354 constructa

342 1383 443 1441 estut
466 1376 568 1442 fidelis
585 1377 694 1465 populi
712 1380 782 1443 usui
806 1376 983 1453 deserviat;
1007 1378 1136 1443 nominc
1159 1398 1236 1443 vcro
1262 1376 1402 1463 Cappcllc

606 1579 828 1592 .—

340 1720 395 1782 sulr
411 1720 467 1783 ritu
489 1722 558 1802 dup.
577 1728 589 1786 l
607 1723 708 1785 classis
722 1733 751 1785 et
764 1742 831 1785 cum
848 1725 953 1783 Credo.
974 1727 1033 1799 Ego
1055 1721 1122 1783 huic
1144 1721 1276 1800 opinioni
1298 1721 1406 1784 subscri·

342 1801 412 1863 berc
435 1820 569 1881 nequeo;
591 1805 658 1884 qnia
680 1811 710 1863 ut
732 1803 760 1863 in
782 1802 918 1864 Ecclesiis
940 1821 996 1863 non
1019 1801 1247 1876 concentoribus,
1276 1802 1326 1864 ubi
1347 1818 1406 1863 uuus

340 1882 386 1942 vel
416 1881 488 1943 alter
509 1886 652 1945 Sacerdos
672 1882 803 1963 quotidie
824 1888 945 1944 Sacrum
968 1882 1055 1955 lacit,
1084 1881 1170 1941 Missa
1192 1881 1230 1941 de
1252 1887 1282 1942 S.
1303 1880 1407 1942 Titulari

343 1969 487 2039 quatenus
511 1962 559 2022 tali
581 1962 724 2024 celebrari
747 1962 847 2040 possit,
862 1966 892 2023 S.
914 1966 947 2023 n.
972 1966 1003 2023 C.
1019 1978 1158 2040 expresse
1184 1961 1311 2041 requirit
1325 1959 1406 2022 utali-

341 2040 409 2118 quis
431 2040 533 2101 Clarus
548 2041 659 2102 eisdem
681 2041 719 2101 sit
738 2040 889 2115 addietus;
908 2051 936 2101 at
950 2040 1132 2120 exploratum
1156 2048 1210 2111 est,
1233 2040 1313 2102 illum
1335 2056 1408 2101 unun

340 2119 386 2178 rel
403 2118 527 2179 alterurn
552 2120 738 2182 Sacerdotem
762 2120 880 2180 minime
902 2119 1078 2181 censendum
1094 2136 1157 2178 csse
1179 2120 1299 2181 Clcrrrm
1315 2120 1341 2181 iu
1355 2137 1413 2179 sen·¹

342 2215 376 2256 su
400 2215 415 2256 a
437 2202 466 2259 S.
488 2202 522 2261 R.
543 2203 574 2261 C.
597 2198 762 2267 intellecto,
785 2208 816 2258 ut
849 2205 930 2277 putat
961 2198 1165 2273 adversarium
1189 2198 1275 2259 aliter
1296 2189 1408 2261 clausula

341 2276 388 2335 illa
411 2295 466 2337 nou
488 2278 583 2339 solum
605 2288 682 2339 esset
703 2296 824 2357 prorsus
848 2277 969 2350 inutilis,
985 2279 1035 2338 sed
1059 2276 1145 2337 etiam
1160 2295 1281 2339 sensum
1297 2278 1409 2357 ineptum
1446 2283 1448 2308 ³

342 2355 479 2417 redderet
509 2366 542 2418 ut
571 2357 765 2419 consideranti
788 2366 865 2434 patet
875 2378 883 2432 ;
916 2375 987 2434 ergo
1019 2357 1047 2418 iu
1080 2356 1259 2433 supradictis
1291 2357 1412 2419 Ecclesiis

342 2436 427 2496 cllissn
449 2436 486 2498 de
507 2442 534 2500 S.
557 2436 679 2499 Titulari
701 2445 843 2517 quatenus
864 2434 912 2497 tali
935 2436 1035 2517 nequit
1063 2435 1219 2498 celebrari.
1241 2441 1362 2517 insuper
1388 2441 1410 2498 S.

341 2521 375 2577 R.
398 2520 429 2577 C.
451 2517 486 2577 ad
508 2517 664 2580 secundam
686 2515 852 2598 quaestionis
874 2526 985 2594 partem
1008 2515 1119 2586 definit,
1141 2516 1288 2578 Ecclesias
1303 2537 1356 2580 uon
1373 2522 1413 2579 Pa·

343 2595 495 2669 moniales,
518 2596 567 2658 ubi
590 2615 665 2656 unus
687 2597 731 2657 rel
753 2595 825 2655 aller
845 2596 987 2660 Sacerdos
1009 2594 1138 2675 qnotidic
1159 2595 1312 2671 celebrat,
1333 2597 1412 2677 aequi·

344 2675 488 2752 parandas
502 2693 566 2734 esse
582 2676 725 2752 cappellis
747 2673 880 2754 publicis,
903 2674 930 2734 iu
953 2673 1060 2752 quibus
1076 2679 1192 2736 Festum
1209 2675 1348 2738 Titularis
1368 2677 1411 2737 sub

344 2753 402 2812 riui
423 2753 494 2829 dup.
519 2756 531 2814 l
557 2753 657 2814 classis
684 2773 752 2815 cum
776 2753 868 2813 Credo
889 2761 917 2814 ct.
938 2757 1044 2812 Octava
1074 2752 1118 2829 agi
1148 2753 1269 2814 vetitum
1293 2766 1344 2817 est.
1366 2760 1413 2818 llec

344 2830 494 2909 quippiam
517 2831 592 2890 valet
611 2833 688 2911 quod
710 2843 890 2912 oppugnator
912 2833 1030 2905 asserit,
1053 2832 1081 2892 in
1102 2833 1227 2893 secunda
1260 2835 1414 2912 quaestionis

344 2917 426 2987 parte
441 2911 485 2987 agi
506 2911 543 2970 de
564 2911 668 2985 Festo,
688 2913 766 2993 quod
788 2911 1007 2988 comprehcndit
1027 2930 1082 2972 non
1104 2911 1198 2971 solum
1222 2913 1351 2988 Missam,
1371 2913 1414 2975 scd

344 2989 451 3059 ctiam,
473 2990 530 3050 irno
551 2990 757 3070 principaliter,
779 2990 922 3052 Officium.
957 2991 999 3051 l.⁰
1021 2991 1095 3066 Quia
1127 2991 1257 3058 seerurda
1281 2994 1413 3074 cujusque

345 3068 512 3147 quaestionis
533 3088 610 3148 pars,
629 3070 711 3149 juxta
734 3071 848 3148 regulas
875 3070 1120 3142 llermcnenticae,
1144 3070 1362 3148 interpretanda
1381 3081 1417 3134 cst

345 3147 443 3208 habito
465 3157 598 3228 respectu
620 3150 656 3210 ad
678 3151 821 3230 objectum
844 3150 947 3228 primae
969 3149 1079 3228 purlis3
1105 3167 1190 3210 secus
1212 3167 1270 3210 non
1293 3163 1417 3215 essetse·

348 3227 442 3289 cunda
466 3247 534 3307 pars
556 3229 641 3289 unius
672 3230 861 3310 ejusdemque
883 3229 1060 3310 quaestionis,
1090 3229 1217 3288 socialia
1242 3229 1329 3307 plane
1350 3250 1417 3312 quae·

347 3306 422 3380 stio;
443 3308 522 3386 atqui
545 3309 572 3368 in
595 3308 688 3386 prima
712 3316 792 3388 parte
813 3326 910 3369 screno
932 3316 976 3369 est
996 3308 1032 3367 de
1054 3307 1160 3380 dlissa;
1184 3327 1255 3386 orgo
1278 3320 1309 3371 el
1331 3313 1358 3374 in
1379 3331 1416 3372 se·

348 3388 451 3448 cunda.
483 3387 529 3450 29
548 3390 621 3464 Quia
641 3389 694 3450 etsi
718 3405 858 3466 ponamus
882 3389 909 3448 in
930 3388 1057 3447 secunda
1080 3396 1161 3464 parte
1182 3405 1351 3453 sermonem
1372 3392 1416 3452 ha·

347 3464 411 3526 heri
433 3467 470 3529 de
493 3471 575 3528 Festo
596 3487 630 3529 eo
651 3487 748 3539 sensu,
772 3475 802 3527 ut
822 3475 932 3527 constet
951 3465 1052 3527 Officio
1073 3465 1158 3525 simul
1181 3475 1208 3526 et
1232 3469 1331 3544 Missa,
1355 3468 1417 3532 nillil

262 3564 266 3570 ¹
348 3551 445 3604 tamen
467 3547 534 3608 inde
558 3556 656 3609 eontra
679 3557 805 3608 nostram
835 3545 1005 3606 sententiam
1038 3544 1159 3605 eruitur.
1191 3548 1265 3609 Nam
1287 3553 1317 3611 S.
1340 3556 1372 3613 n.
1393 3552 1417 3608 C.

348 3621 531 3697 prohibendo
552 3626 581 3686 in
603 3626 731 3706 praelatis
753 3624 890 3685 Ecclesiis
910 3625 972 3684 sinc
997 3627 1054 3686 ulla
1077 3622 1261 3688 distinctione
1283 3625 1417 3691 celebrari

348 3701 466 3760 Festum
481 3703 628 3768 Titularis,
643 3703 782 3783 implicite
797 3702 956 3780 prohibuit
970 3721 1025 3765 uon
1041 3703 1134 3764 solum
1151 3702 1296 3778 Ollicinm,
1313 3718 1344 3768 ut
1363 3725 1420 3768 cori·

350 3775 443 3836 tondit
463 3779 659 3853 adversarius,
680 3782 731 3841 sed
754 3781 840 3841 etiam
862 3781 987 3854 Missam,
1005 3789 1102 3862 utpote
1118 3783 1173 3843 sub
1192 3785 1274 3845 Festi
1289 3785 1420 3848 vocabulo

351 3873 415 3917 com
439 3856 601 3920 rehensam.
622 3865 663 3922 Ex
685 3860 792 3939 quibus
815 3867 893 3938 patet
913 3859 963 3920 illo
983 3866 1013 3923 S.
1033 3867 1067 3923 n.
1090 3864 1121 3922 C.
1144 3865 1267 3925 Derceto
1294 3860 1419 3926 interdici

352 3873 576 3996 celeKrationem
590 3938 686 3999 Missas
706 3938 743 3998 de
757 3942 785 3999 S.
800 3938 922 3999 Titulari
944 3949 1085 4018 quatenus
1100 3939 1160 4012 tali,
1175 3941 1203 4001 in
1220 3944 1357 4004 Ecclesiis
1371 3958 1421 4004 uon

351 4011 580 4090 parochialibus,
601 4015 652 4078 ubi
675 4033 749 4078 uuus
770 4025 798 4078 et
819 4017 892 4078 alter
909 4017 1056 4081 Sacerdos
1077 4018 1207 4098 quotidie
1229 4022 1377 4095 celebrat,-
