3484 4875
437 506 503 578 tut
744 518 1147 571 rnnnxnnununoruarnmu

420 894 596 963 Sabbatum
626 901 782 960 sanctum.
807 891 889 973 Quid
920 890 1141 959 annotandum
1175 892 1273 960 circa
1298 892 1451 963 Officiuuol

460 985 589 1050 Missam
607 990 667 1049 etc.
685 983 778 1068 hujus
803 982 875 1058 diei,
892 989 998 1048 annot.
1021 982 1054 1046 in
1077 980 1184 1049 Hebd.
1212 984 1335 1071 major.
1350 1006 1379 1052 n.
1392 983 1460 1052 tta

461 1074 514 1139 ll.
531 1073 579 1137 dn
595 1073 690 1138 liceat
712 1073 743 1137 in
766 1071 929 1136 Praecouio
945 1070 1039 1155 Regis
1055 1071 1268 1138 mentionem
1286 1072 1398 1151 facere,
1407 1072 1461 1139 nit.

460 1182 492 1227 n.
517 1161 569 1226 lb.
594 1161 679 1245 Ignis
702 1159 831 1226 accendi
855 1160 949 1225 debet
972 1179 1009 1225 ex
1031 1158 1152 1245 lapide,
1178 1168 1214 1225 et
1241 1182 1316 1240 cur,
1338 1182 1404 1250 pag.
1419 1161 1459 1227 iil

462 1250 494 1314 in
517 1258 602 1315 nota.
621 1248 687 1327 Qua
712 1248 750 1315 de
773 1269 867 1314 causa
892 1249 923 1313 in
947 1248 1042 1314 llissa
1058 1246 1157 1333 hujus
1175 1248 1323 1317 Sabbati
1338 1252 1390 1318 liat
1406 1269 1465 1317 nen

461 1338 506 1403 tio
529 1337 647 1413 Noctia;
665 1358 762 1425 quare
785 1345 858 1423 post
882 1336 1055 1423 Epistolam
1072 1336 1221 1424 Alleluja
1248 1346 1304 1405 ter
1326 1347 1468 1428 repetatur,

462 1434 494 1491 et
517 1445 574 1491 cur
598 1426 638 1491 ad
661 1426 864 1510 Evangelium
888 1446 951 1491 non
976 1424 1165 1490 deierantur
1186 1427 1470 1515 luminariaueque

464 1514 588 1581 dicatur
613 1514 722 1592 Credo,
746 1534 817 1600 pag.
841 1515 902 1581 nal
922 1515 954 1579 in
974 1514 1097 1579 bnota.
1113 1513 1200 1579 Tres
1228 1518 1377 1584 candelae
1397 1518 1471 1584 brun

464 1602 547 1668 dinis
577 1604 734 1688 quomodo
764 1605 796 1668 in
828 1623 864 1669 en
888 1602 1020 1687 figendae
1044 1602 1130 1678 sint,
1156 1623 1239 1688 pag.
1266 1607 1337 1672 255
1359 1608 1470 1673 innota

462 1692 511 1756 An
535 1691 639 1757 lllissae
656 1693 787 1778 privatae
810 1691 870 1758 hoe
887 1691 1025 1757 Sabbato
1043 1691 1303 1776 permittantur,
1320 1704 1353 1762 et
1373 1713 1471 1783 quomo

465 1778 523 1855 do,
552 1779 628 1844 ibid.
652 1800 683 1846 n.
717 1781 767 1845 ll.
798 1778 879 1858 Quid
902 1780 1058 1864 agendum
1089 1780 1116 1844 ai
1142 1778 1229 1847 Olea
1263 1803 1362 1851 sacra
1383 1780 1469 1850 atoni

464 1869 651 1953 tempestive
674 1889 732 1955 pro
749 1868 858 1934 Fontis
875 1868 1100 1934 'benedictione
1123 1866 1248 1935 baberi
1275 1894 1344 1939 non
1366 1870 1465 1960 postilla

463 1955 540 2020 ibid.
565 1956 700 2023 Ubinam
724 1957 853 2022 bitania
877 1958 940 2023 sint
965 1954 1165 2033 inchoandae,
1191 1958 1280 2026 ibid.
1307 1983 1339 2027 n.
1364 1962 1409 2028 tt.

420 2039 594 2110 Sabbatum
619 2053 691 2131 post
707 2046 905 2111 dominicam
923 2045 1194 2123 Resurrectionis,
1213 2068 1281 2134 cup
1298 2053 1469 2137 nuncupetu

462 2133 494 2197 in
515 2134 611 2210 Attis,
634 2154 706 2220 pag.
730 2135 791 2200 ill
817 2135 850 2200 in
875 2142 960 2201 nota.
1511 2197 1513 2202 .

417 2217 575 2288 Sacerdos
599 2224 664 2287 sive
688 2222 857 2289 Saecularis
880 2224 946 2288 sive
963 2221 1128 2307 Regularis
1147 2223 1332 2292 celebrans
1348 2228 1379 2293 in
1393 2224 1471 2291 aliena

462 2310 615 2389 Ecclesia,
633 2332 684 2387 au,
701 2314 825 2398 quoties
849 2319 881 2377 et
905 2310 1062 2398 quomodo
1086 2318 1243 2377 teneatur
1263 2335 1302 2379 se
1326 2316 1372 2381 illi
1392 2314 1420 2379 iu
1437 2330 1472 2377 ee

463 2399 640 2467 lebratione
656 2400 758 2466 blissae
776 2399 986 2480 conformare,
1003 2421 1030 2466 c.
1047 2400 1066 2466 o
1083 2420 1114 2466 n.
1131 2399 1148 2463 l
1172 2407 1206 2466 et
1228 2402 1264 2468 2.
1284 2405 1336 2469 An
1353 2408 1472 2470 teneatur

465 2489 688 2572 genuflectere,
712 2492 739 2555 si
763 2490 887 2556 accidat
908 2501 942 2556 ut
966 2497 1079 2575 pergat
1106 2487 1146 2552 ad
1173 2491 1418 2568 celebrandum,
1435 2488 1473 2554 rel

461 2586 535 2662 post
551 2578 678 2643 Missam
704 2579 743 2644 ad
767 2579 953 2645 Sacristiam
977 2579 1096 2653 redeat,
1114 2576 1192 2643 dum
1210 2599 1230 2643 a
1250 2580 1360 2649 Choro
1383 2581 1473 2646 decan·

463 2674 550 2731 tatur
572 2666 599 2749 pl.
625 2667 767 2754 Symboli
790 2667 828 2732 nt
850 2669 1043 2745 incoenatus,
1062 2666 1170 2731 adnot.
1198 2667 1242 2732 l5
1269 2669 1344 2737 Jan.
1368 2691 1398 2736 n.
1416 2666 1446 2732 ll.

420 2750 590 2839 Sanguinis
607 2756 832 2822 Pretiosissimi
849 2755 885 2822 u.
898 2756 933 2824 N.
950 2756 978 2822 J.
993 2757 1025 2821 [l.
1041 2755 1172 2820 Festum
1189 2764 1242 2822 est
1262 2755 1474 2825 celebrandum

463 2843 626 2908 Dominiea
656 2846 759 2930 prima
788 2845 881 2921 lolii,
912 2845 1018 2911 adnot.
1043 2845 1131 2909 initio
1163 2843 1256 2911 Julii.
1285 2847 1475 2926 Quandonan

464 2931 647 3015 impeditur,
664 2941 740 2997 tnnc
762 2954 837 2998 uero
860 2935 892 2998 in
916 2953 1012 3019 quam
1035 2932 1118 2997 diem
1141 2940 1193 2998 est
1216 2935 1476 3006 transferendum,

466 3018 541 3083 ibid.
575 3017 655 3097 Quid
687 3021 843 3104 agendum
874 3023 958 3088 eirca
988 3041 1104 3087 nonam
1128 3020 1198 3107 ejus
1228 3022 1436 3099 hecilonem,
1454 3021 1475 3086 si

465 3118 639 3194 reponatur
655 3109 686 3173 in
711 3111 760 3175 die
783 3133 846 3177 nou
869 3111 1006 3177 habente
1029 3129 1145 3176 nonam
1168 3110 1363 3179 bontionem
1379 3113 1415 3178 de
1432 3111 1475 3176 bo

464 3197 552 3262 milia
576 3207 636 3263 etc.
661 3198 736 3264 ibid.

420 3280 598 3353 Sebastiam
621 3286 678 3374 (S.)
694 3288 733 3352 ll.
750 3287 894 3354 Officium
918 3287 1075 3374 quomodo
1099 3285 1275 3354 ordinatur
1292 3291 1347 3357 ubi
1371 3287 1476 3356 estPa·

464 3384 576 3441 tronus
600 3377 649 3441 vel
672 3376 834 3453 'litularis
858 3377 965 3443 adnot.
990 3376 1031 3442 bd
1054 3376 1124 3441 Jan.

420 3457 617 3550 September.
643 3462 746 3542 Quare
769 3467 801 3530 in
825 3486 862 3532 eo
886 3467 1033 3551 legantur
1054 3464 1128 3532 libri
1149 3462 1223 3540 Job,
1241 3466 1365 3544 Tobia,
1380 3460 1477 3532 Juditb

463 3560 494 3618 et
517 3553 643 3628 Esther,
666 3573 737 3639 pag.
763 3555 826 3620 574
849 3556 882 3622 in
905 3563 990 3620 nota.

420 3635 671 3727 septuagesima.
686 3641 767 3721 Quid
782 3643 999 3710 annotandum
1016 3643 1100 3709 circa
1118 3639 1184 3728 ejus
1202 3640 1357 3711 Officium
1371 3649 1402 3710 et
1415 3641 1477 3707 llis·

463 3749 542 3805 sam,
566 3740 672 3796 annot.
698 3731 737 3796 de
760 3731 849 3798 llum.
874 3732 1025 3820 Septuag.
1049 3733 1114 3797 u.l
1138 3738 1170 3796 et
1194 3751 1289 3821 seqq.
1316 3733 1418 3813 Quare
1439 3731 1477 3796 ita

464 3825 612 3895 vocetur,
635 3839 708 3906 pag.
733 3820 796 3887 ldb
820 3823 852 3887 in
875 3823 897 3886 2
921 3829 1005 3888 nota.
1031 3819 1098 3898 Qua
1123 3818 1161 3884 de
1185 3840 1288 3888 causa
1313 3844 1331 3888 a
1355 3821 1477 3908 Septun-

465 3905 585 3990 gesima
608 3908 648 3973 ad
671 3909 868 3977 Dominicam
897 3911 1062 3976 Passionis*
1086 3909 1213 3994 legatur
1237 3908 1374 3978 Genesis
1397 3906 1478 3976 otu

462 3993 587 4070 arodus,
604 4015 688 4080 pag.
714 3998 778 4064 ldl
808 4000 840 4065 in
871 4007 956 4066 nota.
982 3998 1044 4064 Gur
1068 3998 1108 4063 ad
1134 3997 1262 4064 Laudes
1297 4000 1478 4066 omittantur

462 4083 580 4150 Psalmi
597 4083 746 4152 Dominus
768 4093 906 4176 regnavit
928 4096 960 4156 et
976 4087 1121 4165 dubitate,
1137 4086 1215 4154 ibid.
1233 4088 1267 4155 in
1285 4090 1307 4157 2
1332 4096 1416 4157 nota.
1432 4084 1479 4154 Se·
