3484 4875
737 504 832 551 curor
848 506 870 552 1.
888 504 926 550 00
942 505 1045 553 000000
1384 491 1405 557 5

352 612 468 679 tractis
485 612 575 698 prius
592 610 635 676 10
651 608 776 695 diebus)
797 630 899 695 usque
915 610 957 675 30
973 611 1076 697 ipsius
1093 609 1199 687 finem,
1217 618 1273 677 aut
1288 612 1426 699 alicujus

352 722 391 767 ex
413 700 508 767 annis
535 699 610 764 inde
641 698 871 782 sequentibus;
902 698 1055 764 0000111.
1088 719 1127 765 ex
1155 698 1241 765 dicto
1274 701 1428 781 residuo,

352 789 404 853 uel
426 787 588 873 producto
610 785 673 872 (ut
696 806 794 871 supra
809 784 832 871 ),
856 786 982 851 scilicet
1006 806 1044 851 ex
1066 786 1187 872 Epaota
1210 789 1328 864 veteri,
1352 790 1429 855 sub-

353 874 526 941 trahantur
549 875 592 940 10
614 893 634 938 0
658 873 743 938 diota
767 875 967 939 correctione
991 892 1093 960 usque
1118 874 1159 939 ad
1182 894 1302 940 annum
1328 876 1426 952 00000

353 982 485 1030 rursum
521 964 560 1028 11
602 961 642 1026 30
673 981 757 1026 3000
790 961 876 1026 0700
900 961 941 1027 30
968 962 1077 1036 0000;
1104 962 1144 1026 10
1168 962 1210 1026 30
1234 982 1319 1027 anno
1344 965 1431 1031 1000

352 1050 393 1115 ad
416 1050 525 1124 000ος
550 1050 592 1115 15
617 1048 657 1114 30
681 1069 765 1114 3000
789 1049 877 1114 0000
901 1049 942 1115 00
966 1049 1076 1124 0000;
1101 1050 1144 1115 00
1167 1049 1208 1114 00
1232 1069 1316 1114 3000
1340 1051 1428 1118 0500

352 1138 392 1203 ad
416 1138 526 1214 05000
550 1137 591 1203 15
616 1136 656 1202 30
680 1157 763 1201 3000
789 1137 875 1202 0000
900 1136 941 1202 00
963 1137 1074 1211 0000;
1102 1138 1143 1202 10
1166 1137 1206 1201 30
1230 1157 1315 1202 0000
1339 1139 1427 1207 0500

352 1226 392 1291 ad
415 1227 523 1299 0500;
549 1226 590 1289 05
615 1224 656 1289 30
680 1244 764 1289 3000
787 1224 874 1289 0000
899 1224 939 1290 00
963 1224 1073 1299 000ος
1099 1225 1139 1290 00
1164 1225 1205 1289 00
1229 1244 1313 1291 3000
1337 1227 1427 1303 0000

352 1314 391 1379 30
416 1314 523 1388 5000;
549 1313 590 1376 07
614 1311 655 1376 ab
679 1332 763 1376 anno
787 1312 874 1376 5100
898 1312 940 1377 30
964 1313 1073 1385 5500;
1109 1333 1192 1378 anno
1215 1333 1313 1399 porro
1339 1316 1426 1381 5000

351 1401 586 1466 subtrahantur
603 1399 656 1474 00,
670 1399 760 1485 juxta
777 1398 943 1465 Tabellam
955 1400 1157 1486 AEquationis
1173 1401 1258 1485 apud
1275 1400 1310 1466 P.
1324 1402 1425 1469 Mera·

351 1498 418 1555 tum
443 1487 520 1576 (To.
544 1487 565 1551 0
589 1489 621 1551 iu
643 1487 781 1551 Prceuot.
807 1486 925 1572 Reputo
947 1487 999 1572 0).
1024 1487 1116 1566 Quod
1139 1490 1167 1554 si
1190 1489 1311 1573 Epacta
1335 1499 1426 1557 vetus

350 1578 392 1642 sit
415 1578 523 1642 minor
545 1594 680 1641 numero
705 1594 743 1640 ex
766 1575 836 1659 ipsa
852 1575 1082 1651 subtrahendo,
1106 1575 1235 1661 Epactae
1252 1577 1356 1642 eidem
1374 1580 1428 1644 00-

351 1664 471 1729 030000
495 1664 560 1737 50;
584 1672 681 1748 atque
704 1682 743 1727 ex
766 1661 826 1725 bac
850 1682 976 1727 summa
992 1663 1170 1729 subtractio
1188 1664 1343 1749 praedicta
1359 1666 1425 1732 iiat.

348 1751 452 1837 Hujus
476 1771 574 1837 porro
599 1751 829 1817 subtractionis
852 1749 1018 1816 residuum
1042 1752 1103 1815 erit
1126 1751 1247 1837 hpacta
1271 1755 1426 1837 quaesita:

348 1839 485 1925 proinde
508 1840 537 1904 si
558 1839 724 1904 residuum
747 1839 790 1903 sit
812 1838 844 1912 0,
867 1837 988 1923 hpacta
1016 1840 1078 1904 erit
1105 1839 1147 1913 0,
1176 1860 1232 1904 000
1261 1840 1285 1904 *.
1315 1841 1427 1907 Exem-

348 1929 450 2013 plum.
475 1927 602 1992 Aureus
625 1946 778 1992 numerus
802 1927 878 1990 anni
895 1926 980 1991 1570
999 1928 1095 1993 0000.
1112 1927 1171 1991 Hic
1193 1928 1427 2013 multiplicatus

349 2035 407 2100 per
433 2016 470 2080 00
502 2014 557 2079 030
579 2014 639 2088 00;
664 2015 718 2098 qui
741 2033 896 2079 numerus
913 2023 963 2079 est
978 2014 1084 2081 minor
1101 2015 1152 2080 50.
1171 2015 1273 2099 igitur
1289 2018 1427 2101 ipsemet

348 2103 390 2168 00
415 2105 479 2168 erit
503 2102 624 2187 hpacta
647 2102 733 2168 illius
757 2102 842 2167 anni.
866 2100 958 2179 Quod
975 2104 1003 2167 si
1020 2112 1183 2188 quaeratur
1206 2103 1327 2189 hpacta
1351 2107 1427 2170 anai

348 2192 459 2264 1701;
484 2190 626 2256 horeum
649 2190 750 2274 ipsius
773 2209 945 2254 numerum
969 2190 988 2255 0
1013 2190 1075 2255 000
1098 2192 1131 2255 00
1156 2192 1208 2255 00.
1227 2192 1425 2259 Productum

348 2278 390 2343 00
415 2277 522 2343 divide
545 2297 604 2362 per
628 2276 680 2341 50.
705 2270 876 2341 Divisioais
893 2276 988 2363 hujus
1004 2278 1169 2343 residuum
1187 2278 1206 2342 0
1224 2280 1286 2342 crit
1303 2279 1426 2365 Epacta

347 2373 459 2440 vetus;
484 2364 606 2451 Epacta
630 2364 782 2430 nimirum
804 2370 891 2429 esset
914 2366 988 2429 arani
1015 2366 1111 2440 1701,
1129 2366 1191 2429 nisi
1207 2363 1292 2429 iacta
1307 2366 1423 2433 fuisset

346 2453 547 2538 Gregoriana
571 2454 740 2518 correctio.
764 2451 856 2517 Nunc
879 2472 953 2518 vero
977 2473 1016 2517 ex
1039 2455 1138 2518 veteri
1162 2453 1218 2517 illa
1242 2452 1362 2538 Epacta
1387 2457 1424 2529 0,

346 2543 467 2607 additis
492 2541 586 2605 0050
610 2538 697 2625 (quia
719 2541 775 2606 illa
800 2541 906 2605 minor
928 2547 978 2606 est
1002 2539 1065 2626 11),
1091 2540 1266 2606 dementius
1290 2550 1341 2606 000
1363 2563 1422 2608 nu·

346 2649 457 2695 merus
482 2630 536 2693 11.
560 2627 607 2693 Ex
630 2647 692 2712 qua
720 2628 941 2693 subtractione
973 2647 1046 2692 curn
1079 2636 1267 2693 remaneant
1297 2629 1425 2713 uiginti·

346 2720 513 2802 quinque;
537 2716 607 2780 000
629 2716 692 2780 erit
715 2715 836 2802 Epacta
860 2716 935 2782 30οἰ
953 2715 1049 2780 0700.
1067 2714 1210 2800 Cumque
1226 2715 1347 2802 hpacta
1364 2718 1427 2784 ista

346 2806 379 2872 in
400 2804 599 2870 Kalendario
623 2802 777 2868 breviarii
809 2811 841 2868 et
873 2802 905 2868 iu
937 2805 1084 2888 sequenti
1116 2802 1247 2869 Tabelia
1277 2805 1427 2887 Paschali

347 2892 536 2973 charactere
560 2890 680 2975 duplici
704 2891 825 2977 scripta
849 2890 1046 2964 inveniatur,
1078 2890 1199 2976 Epacta
1232 2893 1305 2957 anni
1335 2894 1423 2959 illius

348 2981 431 3047 0700
459 2980 522 3064 erit
543 2977 640 3053 XXV,
664 2981 785 3064 scripta
807 2977 957 3044 uidelicet
973 2977 1161 3045 charactere
1178 2979 1332 3056 Romano,
1350 2983 1424 3066 quia

349 3065 1115 3241 {buittaAttiatttttttiitiuttt
1129 3068 1425 3241 attenuet

349 3244 624 3330 vigintiquinque,
649 3244 809 3328 simulque
831 3243 974 3308 Aureum
999 3258 1169 3319 numeruu
1192 3245 1242 3309 vel
1267 3246 1423 3329 aequalem

350 3336 395 3400 rel
418 3320 578 3418 major'em
604 3329 662 3405 10;
686 3331 863 3416 accipietur
888 3338 963 3397 tunc
986 3330 1107 3416 Epacta
1123 3332 1177 3407 05,
1195 3332 1316 3416 scripta
1333 3333 1425 3398 nimi-

349 3439 418 3488 rum
435 3420 568 3486 arabico
585 3426 738 3484 consueto
755 3418 953 3484 charactere.
967 3417 1006 3483 100
1019 3419 1079 3483 000
1096 3418 1177 3483 0000
1194 3417 1425 3485 advertendum

351 3517 406 3585 est,
428 3528 472 3574 00
495 3513 624 3573 0000000
646 3507 678 3571 00
703 3506 851 3590 eligenda
868 3506 919 3571 000
935 3506 1114 3582 Paschatis,
1130 3513 1166 3571 ut
1182 3506 1302 3570 alicubi
1319 3510 1424 3574 evenit

351 3614 428 3663 3000
454 3595 552 3661 1750.
575 3593 626 3660 ita
647 3604 751 3659 nostro
774 3593 985 3660 Francisaoao
1009 3593 1183 3659 Breviorio.

698 3771 763 3836 Do
782 3772 910 3854 Cyclo
931 3771 1074 3836 Soiari

413 3949 443 4015 0.
469 3948 585 4037 Cyclas
609 3948 732 4014 Solaris
756 3968 812 4014 seu
828 3948 1024 4014 Litterarum
1042 3947 1288 4013 Dominicalium
1306 3953 1356 4010 est
1371 3965 1421 4011 rc-

357 4036 468 4103 uolutio
485 4037 670 4109 000000100
688 4057 846 4108 annorum
863 4037 903 4102 ab
922 4057 984 4102 uno
1002 4036 1162 4125 usquead
1179 4035 1234 4111 00,
1251 4053 1314 4121 qua
1330 4052 1439 4122 revo-¹
