3484 4875
453 472 518 541 452
670 493 906 540 coronatores
923 492 953 538 m
968 491 1059 539 rcsru
1075 489 1247 539 unocuonrs

472 602 505 667 in
530 623 593 666 uno
612 600 754 688 plurium
776 600 967 667 Dioeccsium.
996 600 1051 665 Ha
1076 609 1142 665 tres
1165 598 1277 666 Missae
1300 602 1434 687 queunte

473 690 592 756 lebrari
615 690 748 756 diversis
773 699 840 755 tum
864 690 973 766 boris,
1010 698 1076 753 tum
1099 688 1297 765 Altaribus,
1330 688 1436 754 arctim
1479 695 1505 776 {⁴3

473 778 635 844 Ecclesiis.
663 777 805 843 Totumne
827 780 859 843 in
882 779 961 843 bono
984 775 1075 842 diem
1111 776 1145 842 Si
1164 778 1313 844 ,diversis
1341 774 1438 842 bur‘tli
1480 780 1505 828 bi

475 876 612 942 cuntur,
635 866 692 932 sed
716 869 747 933 in
771 867 881 933 eadem
906 866 1069 940 Ecclesia,
1094 866 1184 932 Calix
1209 876 1289 954 post
1312 867 1438 953 prinutt
1482 873 1505 917 ts·

475 958 610 1023 alteram
626 956 763 1031 Missam,
777 976 874 1042 quum
887 957 918 1020 in
935 956 973 1020 iis
990 955 1169 1021 abluendus
1186 976 1256 1021 uon
1270 958 1325 1031 sit,
1336 956 1365 1020 in
1376 952 1438 1019 ttc·
1488 971 1505 1038 .‘

475 1046 590 1111 uaculo
614 1047 777 1130 reponitur
801 1045 919 1109 Patena
935 1054 967 1110 et
983 1041 1070 1109 Palla
1095 1053 1286 1130 coopertus.
1305 1041 1338 1109 Si
1351 1045 1380 1109 io
1395 1040 1442 1107 ruit
1503 1065 1505 1069 ⁴

476 1134 679 1198 celebrantur
702 1133 862 1209 Ecclesiis,
887 1143 953 1197 tum
969 1152 1043 1197 vero
1067 1132 1156 1198 Calix
1179 1142 1368 1199 asservatur
1385 1127 1446 1196 iub
1489 1144 1492 1166 t

477 1223 649 1287 bernaculo
675 1232 709 1288 ut
732 1243 839 1308 supra,
862 1230 894 1286 et
914 1222 957 1287 ab
982 1223 1044 1286 alio
1069 1219 1252 1287 Sacerdote
1277 1215 1450 1303 abluitnctp?

476 1312 545 1396 ipsa
571 1312 619 1376 vel
642 1312 742 1376 altera
778 1311 828 1376 die
851 1308 985 1376 Sacrum
1015 1309 1118 1375 laeiet.
1158 1309 1256 1389 Quod
1281 1313 1310 1377 si
1333 1307 1453 1375 necessita
1492 1319 1505 1392 ξ·

477 1409 590 1483 urgeat
624 1400 770 1466 eumdem
805 1398 943 1464 Calicem
977 1398 1171 1476 adhibendi,
1196 1408 1282 1465 tuuc
1314 1398 1455 1468 Celebrant
1499 1479 1502 1485 ¹

479 1498 648 1574 postquam
690 1488 933 1572 diligentissime
975 1488 1115 1553 divinum
1155 1487 1360 1573 Sanguinem
1393 1502 1457 1551 erm·
1495 1485 1504 1573 l

479 1578 605 1652 buerit,
629 1598 724 1663 super
747 1578 920 1663 Corporale
944 1575 1080 1642 Calicem
1110 1579 1229 1642 statuit
1263 1585 1305 1643 et·
1320 1577 1402 1642 Palla
1419 1592 1459 1639 cu·
1501 1587 1503 1596 ’

479 1668 580 1749 tegit;
611 1665 682 1731 dein
716 1666 833 1751 junctis
864 1665 1011 1731 manibus
1046 1666 1076 1730 in
1112 1665 1220 1730 medio
1248 1668 1370 1732 Altaris
1400 1661 1462 1747 inquit
1499 1653 1503 1678 s

481 1753 569 1829 Quod
592 1776 644 1818 ore
667 1756 852 1843 strocpsimus
876 1764 947 1831 etc,
971 1762 1003 1820 et
1025 1752 1160 1820 subinde
1184 1775 1284 1841 aquae
1308 1754 1425 1820 vasculo
1441 1749 1462 1814 li·
1501 1762 1505 1800 t

480 1843 563 1925 giles
593 1843 720 1928 intingit
750 1843 857 1908 dicens
884 1843 1002 1931 Corpus
1026 1852 1111 1908 tuum
1134 1842 1276 1908 Domine
1300 1853 1360 1909 etc.
1389 1848 1416 1906 ct
1437 1838 1464 1903 ab
1504 1876 1505 1880 =

481 1931 604 2014 stergit.
628 1931 834 1997 Postmodum
859 1931 1018 2009 Calicem,
1049 1932 1103 1997 ubi
1126 1951 1200 1997 eum
1228 1932 1416 2005 collocavit,
1438 1926 1465 1991 de

481 2018 575 2085 ducta
598 2020 705 2097 Palla,
730 2022 871 2107 cooperit
895 2020 1061 2096 demere,
1085 2029 1117 2085 et
1139 2020 1279 2087 Missam
1303 2018 1465 2107 prosequitu

480 2117 515 2173 ut
539 2109 627 2175 alias.
652 2109 747 2174 Lecto
772 2111 883 2175 ultimo
905 2108 1084 2193 Evangelio,
1109 2129 1224 2175 rursus
1251 2112 1286 2175 in
1303 2109 1417 2176 llltaris
1434 2123 1469 2169 ne

481 2197 533 2262 dio
557 2199 724 2275 consistit,
748 2207 780 2263 ct
804 2198 928 2264 detecto
952 2197 1055 2263 Calice
1089 2199 1280 2284 introspicit
1311 2218 1387 2265 num
1413 2200 1472 2281 gnta

482 2288 638 2373 quaepiam
663 2288 792 2373 pretiosi
817 2286 986 2372 Sanguinis
1010 2286 1074 2373 (uti
1095 2287 1293 2374 plerumque
1310 2278 1474 2371 accidit)d

482 2376 579 2442 imum
603 2375 738 2443 fluxerit.
762 2375 838 2456 Quae
854 2378 881 2442 si
898 2375 1001 2443 adbuc
1017 2376 1166 2462 supersit,
1182 2377 1281 2444 illam
1303 2376 1410 2444 sedulo
1423 2376 1474 2441 lau

481 2465 560 2530 bens
583 2465 710 2531 hauriat
743 2475 774 2531 et
808 2465 936 2551 quidem
965 2486 1002 2530 ex
1035 2465 1144 2531 eadem
1168 2474 1289 2553 parte,
1315 2488 1377 2554 qua
1398 2461 1475 2552 paullo

483 2563 557 2619 aute
580 2557 753 2640 pretiosum
785 2550 986 2640 Sanguinem
1000 2555 1145 2641 sumpsit.
1182 2554 1349 2642 lleinceps
1370 2556 1399 2620 iu
1417 2549 1476 2616 Cali-

482 2664 551 2708 cem
575 2653 728 2729 quantum
751 2652 843 2709 antea
866 2645 939 2717 vini,
963 2664 1046 2709 nunc
1072 2643 1263 2709 tantundem
1289 2665 1382 2731 aquae
1398 2638 1476 2709 inlun-

484 2733 538 2796 dot
562 2743 593 2796 et
616 2733 701 2798 intus
736 2735 855 2798 circum
883 2733 1019 2819 undique
1043 2734 1157 2818 agitet,
1183 2741 1216 2798 et
1241 2755 1283 2799 ex
1308 2741 1398 2821 parte
1416 2747 1478 2796 suu·

482 2821 599 2904 ptionis
624 2825 669 2886 uti
692 2842 799 2907 supra,
824 2823 854 2887 in
890 2833 1037 2908 paratum
1061 2842 1114 2886 vas
1138 2823 1343 2906 percolendo
1375 2822 1478 2904 ingerat

484 2907 622 2973 Calicem
656 2910 767 2976 exinde
801 2911 1019 2976 Purilicatorio
1054 2910 1242 2995 abstergat,
1283 2933 1323 2978 ac
1359 2910 1397 2976 de
1417 2922 1480 2974 mon

485 2996 615 3080 obtegat
637 3007 669 3063 et
692 3001 840 3065 continuo
857 3001 896 3065 ab
914 3001 1015 3066 ltltari
1038 2999 1177 3065 recedat.
1203 2999 1318 3067 Calice
1342 2994 1480 3088 porrosit

365 3144 368 3148 ,
485 3084 593 3150 abluto
617 3084 665 3151 lus
689 3090 749 3153 erit
771 3090 817 3154 uti
839 3090 871 3155 in
896 3090 958 3154 alia
981 3088 1143 3154 Ecclesia:
1168 3108 1255 3173 aqua
1290 3089 1417 3155 veroin
1445 3099 1481 3148 ru

485 3173 582 3256 allusu
606 3176 647 3240 ad
670 3175 752 3242 diem
776 3180 951 3244 crastinum
986 3178 1174 3254 servabitur,
1201 3187 1237 3242 ut
1271 3179 1314 3244 ad
1337 3173 1482 3244 secundant

484 3262 588 3329 Missae
613 3265 805 3332 ablutionem
824 3268 926 3333 denuo
943 3268 1132 3333 immittatur
1148 3266 1181 3330 in
1198 3265 1346 3333 Calicem
1370 3275 1401 3332 et
1421 3259 1483 3328 ate

487 3351 630 3418 lcbrunte
654 3365 807 3421 sumatur.
832 3356 879 3421 lto
903 3379 943 3421 etc
965 3355 1092 3421 Decreta
1116 3353 1179 3418 diei
1195 3354 1355 3422 ll'Mort.
1374 3348 1483 3422 tutet

488 3462 551 3506 troo
573 3442 713 3530 ptnrtnn
736 3444 918 3510 Ilioecest'uru
943 3445 990 3534 (*).

453 3782 471 3828 ·.
500 3736 534 3815 (⁹)
554 3743 626 3802 Tres
646 3743 739 3806 llissae
762 3745 788 3806 in
805 3746 858 3810 boc
872 3751 955 3809 Festo
977 3750 1118 3827 triplicem
1141 3748 1298 3826 designant
1313 3749 1415 3814 Clnisti
1429 3742 1487 3807 utu·

444 3823 579 3912 uirtutem:
603 3829 738 3884 aeternam
761 3826 880 3899 scilicet,
902 3847 958 3908 qua
981 3833 1057 3889 Deus
1079 3846 1114 3888 ex
1138 3832 1221 3889 Patre
1244 3832 1363 3908 genitus
1383 3844 1431 3909 cst3
1447 3826 1486 3911 spi

444 3901 666 3979 naturalemque
688 3905 778 3965 oritur
801 3907 827 3966 in
850 3908 987 3968 cordibus
1008 3909 1112 3970 nostris
1133 3927 1185 3986 per
1208 3911 1349 3986 gratiam
1371 3922 1487 3992 tenpore

445 3979 683 4072 lcn1,quubomo
704 3987 829 4047 nascitur
844 4006 879 4047 ex
897 3987 1015 4066 Virgine
1031 3990 1163 4068 Deiparu.
1183 3991 1284 4064 Missa,
1301 4011 1367 4074 quoe
1387 3993 1488 4056 omuiuu

448 4076 541 4137 pruna
563 4071 645 4126 noctu
666 4063 838 4142 celebratur,
859 4069 1039 4148 corporalem
1060 4068 1199 4148 significat
1224 4072 1335 4135 ttbristi
1357 4070 1486 4154 genucio
