3484 4875
364 467 430 535 258
617 485 790 531 xxanrxuox
806 485 836 529 m
851 484 965 529 rannus
982 484 1141 531 rassxorus

343 593 383 660 de
407 602 550 680 tempore
573 612 637 658 non
661 591 777 659 dicitnr
799 592 946 658 Psalmus
970 591 1088 658 dodico
1113 592 1163 681 (*)‚
1179 611 1236 657 nec
1255 592 1278 675 i.
1293 590 1329 656 ou

342 683 434 749 Patri
455 682 496 748 ad
528 682 694 747 lntroitnm
717 690 750 747 et
773 681 813 746 ad
843 682 1006 747 Psalmum
1030 682 1160 748 Lavabo
1191 691 1248 747 etc.
1274 680 1329 745 uua

339 782 411 837 note
441 780 470 836 et
496 771 528 835 io
549 771 711 836 Dominicn
735 769 897 835 Passionis.
922 770 1084 835 Praeterea
1109 792 1129 837 a
1152 769 1329 836 Dominical

342 862 442 925 sionis
465 880 565 946 nsque
588 859 628 925 ad
652 859 776 925 Feriam
805 867 952 944 quartam
978 860 1113 945 majoris
1146 858 1329 925 Hebdomada

342 950 448 1015 Missis
471 949 510 1015 de
535 959 678 1035 tempore
700 947 843 1013 Orationi
868 948 929 1013 diei
953 948 1085 1014 additur
1115 948 1278 1015 dumtaxat
1297 948 1329 1011 Oc

340 1039 443 1104 altera
467 1037 610 1105 Ecclesiae
632 1038 681 1102 vel
704 1057 762 1123 pro
787 1038 873 1123 Papa
896 1036 984 1124 (non
1014 1039 1158 1103 exclusis
1183 1046 1285 1103 tamen
1303 1036 1329 1099 Gn

343 1128 403 1192 ctis
433 1128 619 1212 imperatis,
643 1127 673 1190 si
697 1126 791 1191 modo
822 1126 960 1211 excipias
991 1125 1198 1191 Dominicam
1222 1127 1329 1192 Palma

343 1217 373 1281 in
398 1236 460 1301 qua
488 1218 580 1282 unica
603 1215 736 1299 legenda
760 1223 809 1280 cst
832 1214 952 1280 Oratio.
977 1215 1008 1279 S.
1034 1214 1070 1279 R.
1100 1215 1134 1282 C.
1159 1216 1203 1281 FO
1228 1214 1329 1304 Apol

341 1306 374 1370 io
400 1305 560 1370 Cortonen.
590 1304 631 1369 od
664 1302 721 1390 ἢ).
746 1303 780 1368 Si
813 1324 888 1368 vero
923 1303 1047 1387 agenda
1070 1305 1115 1369 sit
1152 1322 1329 1369 commemor

342 1392 429 1459 Festi
452 1394 606 1481 simplicis
629 1393 678 1457 vel
707 1393 808 1457 instar
830 1393 1009 1479 simplicis,
1042 1400 1122 1459 tunc
1146 1415 1230 1479 opus
1253 1394 1329 1476 eritp

344 1483 441 1547 terire
464 1481 646 1548 Orationem
670 1480 814 1546 Foetesioe
836 1483 886 1547 vel
910 1501 969 1567 pro
993 1481 1090 1566 Papa.
1109 1483 1142 1548 S.
1161 1484 1199 1549 ll.
1221 1482 1252 1547 C.
1270 1482 1329 1546 ltl

344 1571 429 1636 {756
459 1572 491 1635 in
523 1592 586 1636 nno
610 1570 817 1635 Radricnrnm
851 1571 893 1634 nd
928 1572 957 1635 l.
983 1567 1117 1647 Quoties
1153 1573 1187 1637 in
1212 1571 1329 1636 Hebdon

341 1660 504 1725 Passionis
527 1660 655 1725 Festum
679 1658 1100 1745 semiduplemcelebratur,
1125 1661 1159 1725 in
1184 1660 1255 1748 ejus
1277 1660 1329 1723 llis

344 1746 454 1815 Oratio
479 1756 528 1814 est
550 1748 589 1813 de
613 1747 714 1824 Ferte,
731 1749 750 1812 5
766 1747 911 1813 Ecclesiae
934 1748 983 1813 vel
1006 1749 1191 1834 proPapa;
1212 1750 1327 1814 inuicta

342 1836 433 1901 locus
457 1837 556 1914 deest,
573 1837 599 1901 si
617 1838 877 1902 commemoratio
901 1844 1051 1902 occurrat
1067 1837 1158 1903 Festi
1175 1838 1329 1925 simplicis.

344 1944 420 1989 vero
443 1925 525 1991 binae
548 1926 696 1991 dicuntur
720 1926 823 1990 Missae
847 1926 1101 2002 Conventnales,
1128 1928 1160 1992 in
1187 1937 1315 2012 atraque

344 2022 413 2079 tum
438 2014 621 2100 adjungitur
636 2012 745 2079 Oratio
761 2014 907 2080 Ecclesiae
922 2016 972 2080 xcl
988 2034 1046 2099 pro
1072 2015 1161 2101 Papa
1179 2015 1263 2102 (non
1278 2013 1329 2079 excl

345 2102 496 2170 Collectis
511 2102 532 2190 ).
557 2102 647 2183 Qun
671 2104 697 2168 si
721 2103 840 2169 incidat
863 2103 1016 2189 Simplex,
1040 2103 1138 2188 hujus
1163 2105 1199 2169 lit
1224 2121 1329 2169 comma

345 2193 429 2259 ratio
446 2193 479 2258 in
495 2193 700 2258 conventuali
723 2192 761 2257 de
784 2192 890 2269 Festo,
907 2195 938 2257 in
957 2211 1057 2277 eaque
1073 2192 1187 2258 Oratio
1207 2190 1329 2259 Foolosin

345 2302 404 2369 pro
428 2282 514 2369 Papa
545 2282 810 2369 pretermittitur.
835 2282 865 2346 S.
892 2282 927 2347 lt.
955 2280 986 2347 0.
1012 2282 1053 2345 lO
1077 2282 1151 2348 Jon.
1178 2282 1265 2349 laon
1293 2280 1320 2344 in

348 2370 521 2437 Galliarum
544 2372 585 2436 od
609 2371 704 2435 liert
727 2370 891 2435 Dominica
913 2370 1075 2435 Passionis
1097 2391 1202 2457 usque
1227 2371 1267 2437 ad
1290 2368 1329 2434 Fet

346 2462 490 2546 quintam
514 2461 546 2526 iu
569 2460 665 2526 Omna
687 2460 834 2536 Domini,
866 2469 1041 2546 usurpatur
1061 2462 1235 2545 quotidie,
1268 2461 1329 2526 etia

345 2549 448 2617 Fastis
472 2550 664 2616 Sanctorum
680 2550 850 2635 ‘propriam
867 2570 937 2614 non
961 2548 1180 2626 habentibus,
1205 2547 1329 2615 Prason

347 2638 456 2706 Gracc.
482 2639 577 2705 llobr.
602 2639 634 2702 in
659 2638 748 2703 Pom.
771 2637 935 2703 Passionis.
959 2636 1126 2703 Dominica
1159 2638 1320 2704 Passionis

345 2728 486 2794 excludit
509 2728 637 2793 Missam
660 2724 835 2792 solemnem
859 2726 898 2792 de
922 2726 1016 2792 Festo
1040 2724 1280 2803 transferendo,
1295 2745 1326 2791 ra

347 2815 454 2893 Tituli,
471 2817 520 2881 vel
543 2815 786 2882 extraordinarii
810 2836 986 2881 concursus
1010 2824 1070 2880 etc.
1089 2815 1201 2880 Recole
1226 2815 1329 2902 quoni

346 2925 417 2969 nono
440 2905 510 2970 cll
542 2928 571 2970 n.
598 2905 616 2969 5
647 2914 676 2969 et
699 2906 729 2970 t.
754 2904 789 2969 ln
820 2904 912 2973 Feria
944 2903 1083 2969 secunda
1115 2913 1190 2990 post
1215 2904 1327 2970 Domin

348 2993 531 3069 PassioniS‚
557 2995 683 3059 tametsi
706 2994 904 3059 Nocturnum
927 2991 1157 3058 Defunctorum
1181 2996 1329 3060 recitatur

348 3102 387 3146 ex
411 3081 557 3147 ltnbricae
581 3084 781 3168 praescripto,
802 3103 865 3147 non
889 3082 1071 3147 celebratur
1095 3091 1204 3147 tamen
1231 3083 1323 3147 llissa

349 3171 506 3236 ventunlis
530 3171 569 3236 de
592 3171 728 3257 Requie,
751 3191 854 3256 neque
877 3170 1085 3236 Oonventnali
1109 3171 1148 3235 dc
1173 3171 1268 3236 Feria
1292 3168 1328 3235 ad

351 3260 462 3327 Oratio
486 3259 658 3335 Fidelinm;
683 3280 753 3345 qna
777 3259 886 3326 Oratio
910 3281 949 3324 ne
973 3259 1109 3324 dicenda
1133 3259 1267 3343 quidem
1290 3260 1319 3323 in

349 3351 420 3435 quis
444 3349 558 3415 Missis,
583 3349 679 3415 Rndr.
696 3349 741 3414 ot.
767 3349 785 3413 5
808 3372 839 3414 n.
862 3349 883 3414 2
908 3360 936 3414 et
957 3349 988 3414 S.
1013 3348 1050 3413 R.
1072 3349 1103 3414 θ.
1130 3349 1168 3413 ll
1196 3349 1262 3415 tut.
1281 3345 1329 3413 tol

350 3439 529 3527 Lopdonon.
553 3438 596 3504 nd
618 3439 649 3504 ll.

408 3696 442 3773 (Ἴ
461 3701 492 3759 ln
514 3696 599 3758 Missa
631 3693 772 3757 omittitur
792 3691 923 3753 Psalmus
943 3692 1075 3765 dadino,
1106 3690 1174 3770 qnia
1202 3711 1262 3769 qno
1292 3700 1329 3751 ton

350 3777 483 3838 moestitia
504 3776 588 3838 unice
608 3775 768 3856 quaeritur,
788 3774 974 3833 vehementer
995 3771 1115 3832 dedecet
1138 3779 1169 3831 nt
1191 3771 1329 3833 rrioestitiar

349 3857 472 3917 denmur
487 3856 562 3917 velle
575 3854 789 3936 quodammodo
803 3862 941 3913 excutere
964 3870 1016 3930 per
1037 3851 1142 3912 verba:
1162 3852 1265 3926 Quare
1278 3853 1329 3910 un

352 3939 456 3998 antron
475 3955 551 4012 mco,
572 3947 598 3996 et
619 3954 712 4014 qnare
732 3934 893 3995 conturbos
916 3934 988 3992 nnc?
1011 3931 1083 3993 Vide
1105 3933 1268 3992 'letamunn
