3484 4875
833 601 1094 719 INDEX

587 859 846 937 Rerevm
902 853 1343 936 Notabitium

943 1314 984 1388 A

433 1560 546 1627 Abdon
570 1568 602 1625 et
625 1559 749 1626 Sennen
774 1559 848 1647 (Ss.)
871 1561 944 1627 Min.
969 1558 1124 1636 Officium,
1149 1560 1204 1630 ubi
1229 1560 1408 1625 celebratur
1425 1555 1466 1621 ritu
1501 1551 1510 1559 '

475 1650 597 1735 duplici
620 1650 669 1714 vel
693 1650 913 1735 semiduplici,
939 1650 1096 1735 quomodo
1120 1657 1169 1714 est
1193 1647 1414 1721 ordinandum,
1432 1642 1466 1709 ad·

478 1748 545 1803 vrot.
571 1739 611 1804 50
635 1738 698 1804 tol.
723 1760 753 1804 n.
778 1738 830 1802 ΙΙΙ.

435 1827 601 1892 Absolutio
626 1825 854 1893 Defunctorum
878 1826 916 1892 ad
941 1826 1132 1902 Tumulum,
1157 1825 1288 1910 quando
1313 1833 1345 1891 et
1368 1842 1423 1910 qua
1438 1839 1470 1885 u·

482 1916 567 1980 tione
591 1915 805 2001 perficienda,
829 1938 856 1982 o.
882 1916 901 1981 8
925 1937 956 1981 0.
980 1915 1033 1981 vt.

435 2004 661 2070 Absolutionos
685 2014 759 2070 ante
781 2005 970 2080 Lectiones,
1001 2023 1145 2089 quaenam
1169 2012 1202 2068 et
1232 2023 1297 2089 quo
1322 2001 1428 2069 ordine
1445 1998 1471 2063 d-

479 2101 596 2159 cuntur
611 2095 650 2159 in
674 2092 783 2160 Odicio
808 2096 905 2160 trium
928 2093 1134 2169 Lectionum,
1158 2101 1269 2157 annot.
1296 2102 1370 2179 post
1391 2086 1474 2177 Epipb.

480 2203 512 2246 n.
538 2183 578 2247 45
603 2191 635 2247 et
659 2182 765 2248 adnot.
791 2183 833 2248 44
855 2185 932 2269 Apr.
956 2203 987 2246 n.
1012 2181 1065 2247 111.

437 2270 602 2337 Adventus
627 2271 753 2357 quando
777 2273 898 2357 incipit,
922 2279 1029 2337 annot.
1062 2270 1101 2336 de
1124 2268 1204 2347 Adv.
1227 2290 1260 2334 0.
1290 2271 1319 2335 d.
1345 2267 1421 2349 Quid
1440 2286 1478 2331 no·

481 2360 613 2425 tandum
638 2361 724 2426 circa
747 2358 891 2426 Officium
915 2369 946 2425 et
969 2359 1097 2425 Missam
1120 2357 1304 2436 Adventus,
1327 2359 1402 2425 ibid.
1424 2354 1479 2422 00

480 2459 512 2514 et
535 2470 623 2535 seqq.
646 2449 728 2530 Quid
751 2452 778 2515 si
802 2450 942 2516 Sabbato
966 2458 1038 2515 ante
1061 2449 1152 2513 bom.
1176 2448 1319 2533 primam
1344 2449 1481 2515 Adventus

481 2547 588 2604 actum
613 2539 655 2603 sit
682 2537 826 2605 Officium
850 2540 989 2604 votivum
1012 2538 1141 2603 Immac.
1166 2536 1405 2624 Couceptionis
1423 2533 1480 2601 ibid.
1509 2532 1511 2559 ¹

480 2628 517 2692 ln
540 2628 637 2693 Missa
655 2629 789 2694 solemni
806 2647 952 2713 quaenam
967 2627 1152 2693 indumenta
1176 2625 1403 2708 adhibeantur,
1424 2623 1481 2691 ibid.

478 2738 509 2780 n.
537 2718 566 2780 5.
592 2717 638 2780 An
663 2716 825 2800 Organum
853 2719 896 2783 sit
919 2715 1131 2803 pulsandum,
1163 2723 1195 2779 et
1226 2716 1345 2782 Aitare
1373 2714 1482 2783 floribus

481 2805 672 2883 ornandum,
695 2805 771 2870 ibid.
789 2803 857 2885 Quo
881 2826 977 2870 sensu
999 2807 1031 2870 in
1049 2803 1157 2870 Officio
1181 2803 1398 2889 imploramus
1414 2801 1480 2869 Chri·

482 2893 524 2956 sti
547 2893 729 2969 adventum,
754 2913 825 2978 pag.
843 2895 906 2960 407
930 2896 962 2960 in
986 2901 1072 2958 nota.
1088 2891 1151 2956 Cur
1175 2902 1326 2978 ternpore
1343 2895 1482 2960 Adventus

482 2981 671 3048 omittantur
695 2981 853 3067 Suffragia
876 2983 1066 3050 Sanctorum
1082 2988 1113 3045 et
1137 2986 1407 3049 commemoratio
1428 2980 1483 3046 Cru-

484 3071 540 3145 cis,
565 3071 641 3137 ibid.
667 3070 735 3151 Qua
758 3071 797 3136 de
821 3092 916 3140 causa
940 3073 1065 3155 legatur
1087 3070 1119 3133 in
1143 3089 1180 3133 eo
1204 3069 1308 3137 isaias
1332 3070 1484 3158 Propheta,

482 3179 554 3243 pag.
571 3159 635 3224 400
653 3161 685 3224 in
702 3168 787 3224 nota.
813 3159 917 3240 Quare
941 3162 1029 3248 prius
1052 3159 1082 3245 vd.
1105 3159 1218 3244 primae
1242 3159 1337 3226 Dum.
1364 3170 1426 3226 tres
1446 3158 1484 3222 ba·

483 3248 557 3313 beat
581 3268 703 3324 versus,
727 3248 803 3315 ibid,

438 3338 544 3421 Agnes
569 3337 626 3424 (S.)
643 3358 683 3402 an
700 3336 866 3402 transferri
890 3344 985 3422 queat
1006 3336 1045 3402 ad
1063 3335 1147 3400 diem
1163 3335 1206 3400 28
1224 3335 1384 3412 Jauuarii,
1400 3335 1485 3402 adnot

484 3426 526 3492 00
560 3427 629 3491 Jan.
655 3448 685 3491 0.
710 3427 760 3491 IV.
784 3426 842 3491 Ubi
865 3426 1045 3491 celebratur
1069 3443 1141 3489 cum
1169 3422 1315 3502 Octava,
1349 3422 1485 3512 quornodo

483 3514 628 3580 Officium
652 3516 714 3579 diei
737 3513 863 3580 Octavae
887 3523 937 3578 est
959 3512 1180 3588 ordinandum,
1204 3513 1284 3580 ibid.
1309 3537 1341 3581 0.
1367 3515 1418 3581 ΙΙΙ.

439 3602 577 3690 Alleluja
601 3624 699 3688 quare
715 3604 979 3689 pretermittatur
1003 3624 1020 3669 a
1041 3601 1287 3689 septuagesima
1311 3605 1353 3669 ad
1375 3600 1487 3672 Pascha,

482 3711 553 3776 pag.
581 3693 643 3758 400
667 3693 808 3758 innota.

438 3779 547 3844 Altare
571 3782 696 3866 quando
714 3780 859 3866 deperdit
876 3782 1157 3858 consecrationem,
1175 3790 1208 3846 et
1230 3782 1380 3866 privatur
1402 3777 1488 3846 indul·

484 3870 621 3951 gentis,
644 3890 716 3957 pag.
743 3871 805 3936 447
828 3869 860 3933 in
885 3878 970 3936 nota.
1003 3871 1038 3934 ln
1063 3867 1180 3934 Officiis
1209 3870 1439 3937 Defunctorum
1459 3885 1488 3931 an

483 3959 591 4022 ornari
624 3961 726 4044 possit
756 3968 788 4024 et
811 3959 981 4044 quomodo,
1013 3980 1040 4024 o.
1065 3959 1083 4024 0
1108 3980 1139 4023 n.
1164 3959 1217 4025 00.
1243 3959 1295 4027 Ad
1319 3958 1488 4027 lucrandam

482 4044 716 4133 indulgentiam
740 4048 857 4116 ditaris
885 4046 1077 4134 privilegiati
1106 4048 1183 4136 quid
1205 4051 1397 4137 requiritur,
1419 4045 1479 4114 ibid.
