3484 4875
505 393 728 441 nonorsrroucs
746 395 777 440 m
792 394 884 440 susm
899 393 1063 441 oucuuams
1235 373 1300 439 tat

286 502 333 569 ibi
355 504 391 568 iu
406 501 556 589 Vesperis
579 501 771 587 Antiphone
788 510 820 566 et
833 502 952 567 Psalmi
978 507 1054 565 sunt
1076 499 1116 565 de
1138 498 1324 577 Natiuitate‚

286 612 306 656 a
330 591 479 676 Capitulo
503 590 542 655 de
566 590 660 654 Festo
684 588 716 653 S.
741 588 893 664 Thomas,
919 608 989 653 cum
1015 589 1325 653 commemoratione

285 680 339 744 Ss.
364 679 597 752 Innocentium,
621 677 795 742 [dominicae
819 677 869 763 (si
893 677 987 741 lrodie
1010 677 1052 740 sit
1069 675 1270 761 Sabbatum)
1295 685 1328 740 et

285 767 419 833 Octavae
444 766 634 840 Natiuitatis,
659 766 786 829 Octauis
810 766 942 850 reliquis
966 765 1203 850 praetermissis,

334 854 389 918 lll.
413 854 473 918 Uti
496 852 545 917 Ss.
571 853 760 917 Innocentes
784 861 859 917 sunt
892 853 1085 938 principales
1117 851 1248 917 Patroni
1274 850 1325 914 vel

285 943 475 1015 Titulares‚
499 942 542 1005 ibi
566 941 598 1004 in
624 942 735 1025 primis
759 940 908 1025 Vesperis
933 940 1123 1024 Antiplronae
1148 947 1179 1003 et
1203 938 1323 1002 Psalmi

284 1031 520 1115 persolvuntur
543 1028 582 1091 de
605 1028 787 1102 Nativitate‚
811 1048 830 1091 a
853 1028 1000 1113 Capitulo
1025 1028 1073 1092 Ss.
1099 1026 1321 1091 innocentium

285 1117 496 1204 (Capitulum
522 1124 554 1179 et
576 1115 720 1202 Hymnus
743 1124 897 1200 petuntur
921 1136 938 1180 e
962 1114 1111 1179 secundis
1136 1113 1286 1198 Vesperis
1302 1111 1325 1196 l,

285 1224 364 1270 cum
390 1206 694 1269 commemoratione
718 1202 750 1266 S.
775 1202 907 1267 loannis
931 1211 962 1266 et
986 1201 1113 1267 Oetauae
1143 1201 1325 1265 Natiuitatis

285 1300 428 1357 tantum.
460 1291 647 1355 Matutinum
680 1298 712 1354 et
741 1290 837 1354 llissa
868 1290 1019 1355 dicuntur
1048 1290 1094 1354 uti
1125 1309 1222 1374 supra
1254 1287 1327 1352 n.l

290 1379 451 1445 traditum
476 1388 546 1453 est,
571 1398 644 1443 cum
667 1380 812 1463 ipsorum
835 1376 965 1442 Festum
992 1377 1103 1442 incidit
1126 1378 1157 1440 in
1182 1374 1323 1439 Donrini-

284 1488 363 1533 cam
389 1466 405 1552 (
420 1466 523 1531 Conui.
550 1477 589 1530 to.
614 1467 634 1530 2
658 1487 684 1530 c.
710 1466 753 1530 tt
776 1466 805 1529 d.
831 1465 852 1528 lt
876 1487 905 1528 n.
932 1466 972 1529 ld
985 1466 1025 1550 );
1050 1464 1107 1529 sed
1131 1481 1326 1529 commemo·

285 1556 376 1622 ratio
401 1553 567 1619 dumtaxat
583 1553 622 1618 de
639 1551 756 1618 Octava
774 1552 955 1618 Natiuitatis
980 1554 1096 1636 agitur.
1120 1552 1156 1617 In
1174 1549 1324 1616 secundis

286 1643 444 1728 Vesperis
469 1642 659 1727 Antiphonae
683 1650 715 1705 ct
736 1641 857 1705 Psalmi
881 1642 1058 1706 recitantur
1082 1641 1121 1705 de
1142 1640 1326 1713 Natiuitate‚

291 1751 312 1796 a
338 1729 487 1815 Capitulo
513 1729 563 1794 Ss.
588 1730 820 1802 Innocentium,
837 1748 909 1794 eum
935 1729 1240 1794 commemoratione
1263 1726 1326 1789 Do·

290 1819 424 1885 minicae
448 1818 501 1900 (si
524 1817 619 1881 hodie
636 1818 677 1881 sit
695 1816 909 1901 Sabbatum),
935 1837 1028 1881 secus
1052 1816 1138 1881 Posti
1163 1814 1326 1899 sequentis

289 1906 326 1971 S.
351 1906 495 1980 Thomas,
519 1913 551 1969 et
574 1904 702 1969 Octava
718 1904 899 1969 Natiuitatis
916 1912 1051 1969 tantum.
1069 1902 1156 1967 lnlra
1173 1903 1326 1971 Octavam

288 2013 370 2058 vero
396 1993 661 2057 commemoratio
697 1991 747 2056 Ss.
772 1992 993 2056 Innocentium
1029 1989 1328 2055 commemorationi

291 2080 490 2147 Oetauarum
515 2080 547 2145 S.
576 2079 730 2165 Stephani
754 2087 786 2142 et
809 2078 841 2142 S.
867 2078 999 2144 loannis
1024 2076 1211 2142 antefertur.

337 2168 390 2233 IV.
417 2167 450 2232 Si
484 2168 600 2231 alieubi
634 2166 895 2231 Anniuersarium
927 2165 1142 2231 lledieationis
1174 2162 1328 2227 Ecclesiae

291 2256 411 2321 redeat
432 2256 463 2320 in
489 2254 583 2319 Festo
609 2253 658 2319 Ss,
683 2254 915 2328 innocentium,
939 2252 1015 2318 Sodi
1037 2252 1232 2338 Apostolieaa
1255 2269 1328 2333 sup·

289 2342 480 2429 plicaudum
503 2350 553 2407 est
575 2362 634 2428 pro
657 2342 874 2407 dnniuersarii
899 2342 1159 2407 commutatione.
1177 2340 1208 2403 S.
1227 2337 1263 2402 R.
1292 2337 1324 2401 C.

293 2431 315 2496 5
342 2430 423 2516 Attp.
451 2430 536 2496 teta
563 2431 596 2494 in
619 2429 747 2495 Piscicu.
773 2430 814 2495 od
845 2429 876 2495 8.
900 2430 988 2504 Idem
1012 2429 1161 2517 praestari
1185 2432 1323 2512 oportet,

290 2520 322 2585 si
338 2519 603 2588 Anniuersarium
627 2518 748 2583 incidat
770 2519 803 2583 in
819 2517 950 2584 Festum
974 2517 1006 2583 S.
1036 2517 1189 2603 Stephani
1214 2522 1268 2579 aut
1292 2511 1325 2576 S.

290 2606 439 2672 loannis.
458 2607 491 2672 Si
510 2615 617 2672 autem
641 2607 692 2671 die
708 2605 757 2671 Ss.
775 2607 997 2671 Innocentium
1014 2612 1165 2670 occurrat
1181 2601 1327 2668 Officium

289 2695 345 2761 uel
371 2695 556 2779 principalis
580 2695 711 2758 Patroni
728 2696 776 2760 vel
794 2694 957 2771 Titularis‚
975 2694 1007 2759 id
1023 2693 1218 2779 perficiatur,
1241 2687 1327 2774 quod

293 2783 348 2848 die
372 2781 415 2847 tt
439 2782 533 2868 hujus
557 2801 588 2847 n.
613 2781 654 2845 lV
678 2781 717 2846 de
740 2781 773 2847 S.
798 2781 962 2868 Stephano
986 2783 1205 2870 praestitutum
1229 2786 1287 2844 est.

242 2873 304 2940 29.
329 2906 375 2918 -
398 2869 421 2934 l.
447 2868 480 2934 Si
503 2869 599 2934 hodie
614 2889 678 2934 non
695 2871 737 2934 sit
760 2870 937 2949 Dominica‚
955 2871 1084 2937 Festum
1102 2870 1268 2958 peragitur
1292 2864 1327 2930 S.

291 2958 427 3023 Thomae
451 2965 487 3022 ut
511 2958 542 3022 in
565 2957 771 3023 Kalendario.

340 3045 380 3110 ll.
406 3043 438 3109 Si
463 3043 609 3110 Officium
627 3046 826 3132 semiduplex
843 3046 876 3111 S.
894 3047 1025 3111 Thomaa
1040 3045 1191 3110 inciderit
1212 3044 1245 3107 in
1269 3039 1326 3105 Ne·

291 3134 378 3199 riam
403 3141 537 3206 sextam,
557 3141 589 3197 et
606 3153 677 3198 cras
701 3135 840 3219 persolvi
865 3155 946 3218 opus
970 3136 1012 3198 sit
1040 3131 1187 3198 Officium
1212 3130 1251 3194 de
1276 3127 1326 3192 die

292 3219 380 3288 inira
404 3219 557 3285 Octavam
581 3221 775 3297 Natiuitatis.
799 3222 895 3286 hodie
919 3223 950 3286 in
974 3221 1126 3305 Vesperis
1149 3217 1256 3282 omnia
1281 3214 1325 3279 di-

293 3316 415 3375 cuntur
438 3316 474 3373 ut
497 3309 529 3373 in
553 3309 702 3374 secundis
733 3309 883 3393 Vesperis
915 3308 1096 3373 Natiuitatis
1121 3305 1137 3391 (
1149 3306 1212 3370 νίιιι
1235 3303 1326 3368 senui·

291 3396 427 3484 duplici)
445 3403 477 3460 et
493 3405 567 3482 post
584 3395 769 3462 Orationem
785 3397 967 3461 Natiuitatis
990 3397 1099 3461 locum
1115 3394 1212 3459 hahet
1236 3411 1323 3455 com-

291 3484 486 3550 memoratio
511 3483 543 3550 S.
568 3485 699 3549 'lhomae
723 3492 754 3549 et
790 3485 888 3549 trium
920 3484 1124 3549 Octauarom.
1149 3480 1245 3546 Rubr.
1270 3477 1324 3542 ibi.

290 3571 327 3638 Si
352 3591 451 3656 porro
475 3591 547 3637 cras
571 3572 730 3657 agendum
746 3574 788 3638 sit
804 3570 934 3636 Nestum
959 3572 1076 3658 duplex
1098 3569 1196 3635 etiam
1220 3575 1325 3632 trans·

290 3663 408 3736 latum,
430 3660 463 3725 in
491 3659 641 3746 Vesperis
665 3661 856 3746 Antiphone
880 3669 912 3724 et
934 3657 1055 3724 Psalmi
1076 3666 1152 3724 sunt
1176 3655 1215 3721 de
1240 3654 1327 3720 Nati·

290 3749 393 3813 uitate
418 3746 435 3832 (
446 3747 511 3812 ritu
534 3748 692 3836 duplici),
716 3769 734 3813 a
757 3747 904 3833 Capitulo
929 3746 1091 3832 sequentis
1125 3745 1212 3810 illius
1236 3741 1322 3808 Pesti

291 3855 368 3902 cum
393 3837 698 3902 commemoratione
714 3834 745 3900 S.
763 3835 894 3900 Thomae
912 3843 944 3900 et
961 3843 1099 3919 quatuor
1115 3831 1321 3906 Octauarum,

291 3925 392 3990 etiam
417 3923 471 3990 uhi
493 3922 624 3990 Festum
640 3922 672 3990 S.
689 3922 820 3990 'l'homae
844 3931 894 3990 est
910 3922 1027 4010 duplex
1045 3922 1162 3996 minus;
1180 3920 1237 3985 sed
1262 3920 1323 3986 troc
