3484 4875
361 495 424 564 NNN
609 510 838 560 annontrtotttrs
854 511 885 558 nt
901 511 993 558 llllS'l'A
1008 510 1145 558 lleiAllll

386 619 561 686 Dominicae
592 618 771 705 cujuspiam
795 616 963 694 Officium,
995 620 1021 685 si
1053 618 1196 705 excipias
1219 613 1379 684 llominican

384 708 635 794 septuagesimae
653 716 684 772 et
708 707 904 781 Palmarum;
930 726 989 772 nec
1013 706 1162 772 Officium
1187 706 1306 772 dierum
1324 706 1381 771 inira

382 794 531 871 Octavus,
555 804 590 859 nt
614 795 713 879 liquet
738 814 777 859 ex
802 814 862 860 usu
885 795 986 879 ipsius
1005 794 1239 882 Nartyrologii.
1266 794 1354 860 Gonni
1368 792 1381 856 l.

383 884 434 949 cit.
459 881 568 948 Sancti
593 902 690 967 porro
715 881 793 968 (aut
816 881 943 968 Beati),
969 902 1107 967 qnorum
1130 882 1164 948 in
1189 881 1382 970 Martyrolngin

383 972 502 1037 mentio
527 970 625 1046 desit,
651 970 774 1035 ratione
798 967 911 1045 Officii,
935 970 1020 1054 quod
1045 970 1084 1034 de
1110 970 1176 1035 illis
1200 970 1384 1055 peragendum
1419 991 1424 996 ·

383 1066 443 1133 est,
461 1057 578 1123 debent
602 1077 679 1122 sanc
702 1059 812 1141 paucis
830 1056 935 1122 verbis
954 1058 1223 1132 commemorari;
1247 1058 1292 1123 sic
1307 1065 1383 1122 tamen

382 1156 418 1213 ut
442 1148 573 1232 proprio
597 1145 752 1229 cujusque
776 1145 909 1220 nomini,
932 1164 991 1211 nec
1009 1165 1071 1210 non
1089 1146 1243 1230 qualitati
1258 1144 1384 1232 Martyris,

382 1234 550 1319 Episcopi,
575 1232 792 1308 GoniessoriS,
816 1232 950 1297 Abbatis
975 1240 1030 1298 ant
1047 1233 1209 1316 Virginis,
1233 1240 1263 1298 ct
1287 1234 1348 1299 loco
1364 1253 1383 1296 o-

382 1322 486 1399 bitus,
517 1321 596 1386 nihil
620 1328 777 1406 praeterea
801 1320 1012 1406 adjungatur,
1036 1321 1099 1385 nisi
1124 1318 1210 1386 sorte
1234 1328 1342 1407 praestc
1360 1322 1385 1384 sit

382 1410 522 1493 elogium
547 1430 564 1473 a
589 1408 621 1473 S.
646 1408 728 1472 Sede
763 1407 987 1493 adprobatum.
1028 1408 1167 1496 Gnyetus
1192 1409 1244 1474 tit.
1267 1409 1288 1473 ἢ
1310 1430 1332 1474 c.
1352 1408 1384 1472 li.

381 1495 477 1562 Festa
513 1517 587 1562 vero
617 1514 676 1581 per
699 1494 848 1561 accidens
873 1496 1054 1572 translata,
1086 1494 1193 1581 pridie
1218 1516 1311 1582 qoam
1332 1497 1410 1561 cele·

380 1584 527 1660 hrentur,
551 1586 784 1649 annuntiantur
807 1583 895 1648 hisce
919 1584 1035 1649 verbis:
1063 1583 1211 1671 Officium
1227 1584 1329 1651 Sancti
1346 1582 1403 1670 (ul.

382 1671 491 1757 Beati)
513 1672 563 1746 N,
588 1673 678 1757 cujus
701 1671 828 1736 Festum
850 1672 911 1757 suit
935 1671 1017 1736 dic...
1241 1679 1246 1693 “

340 1757 392 1823 ll.
416 1794 460 1806 -
482 1758 506 1823 l.
531 1759 662 1824 Nestum
687 1758 742 1824 SS.
770 1759 916 1825 Nominis
939 1759 1016 1825 lesu
1040 1759 1127 1845 apud
1150 1780 1212 1826 nos
1237 1759 1387 1827 celebratur

382 1845 444 1911 hac
461 1845 512 1910 dic
530 1846 571 1911 li
595 1866 633 1911 ex
657 1848 788 1932 speciali
812 1848 1019 1913 concessione
1044 1846 1213 1913 Benedicti
1236 1848 1316 1913 lllll.
1335 1846 1386 1913 Vidn

372 1954 478 2021 supro
502 1956 528 1999 c.
553 1934 574 1999 lt
597 1957 627 1997 n.
653 1936 704 1999 ll.
729 1934 764 2000 ln
789 1934 933 2000 Ecclesia
968 1943 1075 2000 autem
1111 1936 1288 2002 universali
1317 1954 1386 2019 agon·

383 2021 459 2087 dum
484 2030 533 2087 est
556 2021 720 2088 [lominica
745 2021 885 2087 secunda
915 2030 990 2109 post
1012 2021 1239 2109 Epiphaniam,
1263 2024 1294 2090 S.
1317 2023 1348 2087 ll.
1367 2020 1387 2086 d.

382 2108 425 2176 29
449 2110 526 2176 Nou.
554 2109 636 2175 llil
663 2111 754 2176 Beer.
777 2132 881 2195 pener.

426 2198 465 2263 ll.
489 2197 525 2263 ln
549 2197 659 2263 Officio
683 2198 740 2264 SS.
763 2198 908 2264 Nominis
930 2198 1007 2264 lesu
1030 2200 1157 2285 primus
1181 2199 1326 2266 Psalmus
1346 2196 1387 2261 lla·

384 2287 477 2352 tutini
501 2287 614 2373 incipit
636 2306 654 2349 a
678 2285 818 2352 secundo
843 2306 959 2359 versu3
991 2287 1077 2372 qnod
1104 2286 1230 2373 jugiter
1253 2286 1388 2374 perficitur

382 2375 414 2440 in
440 2372 549 2441 Officio
586 2374 728 2460 duplici,
764 2374 890 2459 quando
915 2374 1098 2461 Antiphone
1134 2384 1168 2441 et
1191 2377 1283 2461 prior
1304 2390 1389 2440 versu

381 2464 502 2530 Psalmi
526 2470 676 2529 constant
710 2462 823 2527 iisdem
859 2462 986 2540 verbis,
1023 2464 1201 2529 dummodo
1226 2464 1390 2550 Antiphone

381 2572 445 2617 non
478 2551 615 2616 addatur
645 2550 792 2636 Allelujc.
832 2549 868 2614 ln
900 2549 1009 2615 Officio
1045 2559 1156 2617 autem
1192 2551 1389 2638 semiduplici,
1422 2548 1424 2567 ²

381 2641 526 2724 quamvis
544 2639 640 2704 verba
656 2639 756 2703 totius
772 2637 964 2724 Antiphone
988 2660 1052 2705 non
1077 2640 1310 2707 contineantur.
1327 2639 1389 2725 priu-
1421 2630 1424 2705 f

351 2778 355 2787 .
382 2729 466 2813 cipio
490 2727 631 2802 Psalmi,
655 2726 681 2792 si
708 2733 815 2792 tamen
839 2727 948 2810 priora
984 2727 1194 2793 continentur
1219 2729 1333 2804 verba,
1351 2725 1389 2790 illa

382 2834 447 2879 non
471 2822 671 2900 repetuntur,
696 2812 753 2878 scd
775 2813 925 2878 Psalmus
949 2813 993 2878 ibi
1017 2815 1191 2880 inchoatur
1216 2817 1271 2882 ubi
1299 2812 1389 2881 desiuit

381 2902 575 2987 Antiphone.
601 2902 654 2967 Sic
678 2902 711 2965 in
727 2899 837 2966 Ollicio
855 2901 1059 2987 semiduplici
1076 2903 1108 2967 in
1126 2905 1236 2989 primo
1252 2904 1389 2970 Nocturni

382 2989 421 3055 de
445 2989 613 3056 Communi
637 2988 837 3054 Confessoris
861 2989 901 3055 ad
926 2990 1066 3075 primum
1105 2991 1278 3059 Psalmum
1311 2986 1389 3078 repeti

379 3097 443 3143 non
467 3078 563 3143 debet
586 3077 700 3142 Bcctus
723 3076 794 3152 nir,
820 3097 923 3162 neque
946 3078 977 3141 in
1002 3078 1145 3144 secundo
1182 3080 1343 3146 Nocturno
1361 3073 1388 3142 ad

379 3167 510 3231 tertium
534 3165 700 3230 Psalmum
724 3163 865 3241 Nomine,
883 3163 1033 3230 Dominus
1056 3174 1171 3232 noster.
1197 3165 1345 3246 Quamvis
1362 3160 1389 3229 ad

380 3252 532 3328 Tertiam,
558 3252 687 3317 Sextam
711 3258 743 3315 et
765 3250 889 3316 Nouam
912 3254 943 3316 in
967 3253 1018 3338 riri.
1043 3253 1197 3320 hrcvihus
1230 3254 1329 3321 Officii
1349 3249 1387 3318 SS.

378 3339 523 3407 Nominis
557 3339 634 3404 lesu
657 3337 817 3403 addantur
839 3339 999 3424 Attetujo,
1024 3361 1088 3405 non
1119 3342 1339 3428 adjunguntur
1357 3346 1388 3404 tt·

378 3448 452 3494 men
478 3427 518 3493 ad
542 3427 683 3492 Primam
708 3433 741 3490 et
762 3426 1023 3512 (templatorinm.
1057 3427 1155 3494 liubr.
1183 3433 1232 3496 n't.
1257 3430 1300 3496 28
1322 3452 1348 3494 n.
1368 3426 1388 3491 5.

379 3513 415 3578 ln
446 3515 541 3580 Missa
573 3512 629 3578 SS.
654 3513 798 3578 Nominis
833 3513 910 3578 lesu
945 3515 1121 3581 omittenda
1158 3525 1211 3583 est
1240 3513 1389 3604 Sequentia
1422 3590 1424 3609 Ι

377 3601 489 3665 Laudo
512 3601 585 3666 Sion
609 3609 669 3665 etc.
694 3601 725 3664 S.
750 3600 786 3665 R.
814 3600 846 3665 G.
865 3603 906 3666 ld
923 3600 1015 3666 Febr.
1042 3602 1139 3667 t757.
1165 3605 1198 3667 in
1214 3603 1388 3670 Mecilinicn.
1421 3616 1424 3677 t

378 3686 420 3749 od
443 3687 474 3751 9.
490 3686 704 3752 Nihilominus
728 3687 812 3771 apud
837 3707 896 3753 nos
920 3689 1079 3754 retinetur
1095 3709 1133 3755 ac
1151 3691 1275 3775 legitur
1299 3711 1334 3758 ex
1353 3706 1389 3776 pc·

379 3772 494 3837 culiari
518 3776 744 3839 eoncessione-
1422 3792 1424 3857 t

421 3856 634 3934 dionanto
669 3860 800 3932 Festum
835 3860 891 3926 SS.
927 3859 1072 3928 Nominis
1096 3862 1174 3930 lesu
1212 3866 1350 3933 occurrit
1366 3861 1388 3926 in

377 3943 545 4010 Dnrninica
568 3943 837 4030 Septuagesimae‚
861 3945 1056 4014 transfertur
1080 3950 1112 4015 in
1137 3951 1223 4018 diem
1246 3954 1292 4021 m
1315 3953 1389 4018 Jam-

378 4031 438 4096 arii
475 4038 638 4116 tamqnam
673 4036 705 4098 in
729 4033 837 4114 sedem
874 4036 1040 4120 propriam
1064 4037 1132 4123 (ne
1168 4039 1349 4109 celebretur
1366 4034 1387 4100 it
