3484 4875
408 484 788 531 auuornuonmooumreus
801 484 1141 533 urruumssurruunms
1218 472 1280 539 375

245 597 344 677 queat
359 591 486 657 Initium
510 592 582 658 libri
605 592 729 669 Esther,
746 600 811 657 tum
829 612 902 658 vero
926 612 1008 658 anuo
1031 594 1087 659 illo
1111 600 1304 681 praetereun-

246 682 325 746 dum
348 687 417 755 est;
441 701 542 766 neque
565 682 648 747 enim
671 688 760 746 extra
783 680 1019 747 Hebdomadam
1043 684 1184 768 quintam
1208 686 1302 770 privi-

245 770 366 852 legium
389 770 510 835 obtinet
529 778 562 835 ut
578 769 684 857 (sicuti
705 769 798 835 initia
821 770 938 857 cetera)
962 771 993 835 iu
1010 771 1214 838 Hebdomada
1231 793 1301 850 sua,

246 878 309 944 quo
326 878 441 943 nempe
464 860 558 924 etiam
575 861 607 923 in
623 858 716 923 Festo
733 880 805 924 oum
823 859 1022 925 Lectionibus
1039 862 1132 946 primi
1149 862 1304 928 Nocturni

247 948 386 1033 propriis
403 948 451 1011 vei
469 947 507 1012 de
523 948 686 1013 Communi
709 947 882 1032 adsignatis
903 949 1119 1036 reponendum
1136 952 1186 1015 sit.
1206 952 1301 1016 Rrrbr.

242 1036 345 1125 pecul.
370 1058 399 1100 o.
425 1036 486 1101 195
517 1047 545 1101 et
576 1037 649 1102 tut.
676 1035 802 1101 Consule
831 1059 951 1124 quoque
980 1038 1061 1102 dicto
1091 1049 1158 1126 post
1188 1039 1300 1127 Epipb.

244 1148 273 1189 n.
292 1125 380 1189 ibet
402 1145 481 1210 seqq.
500 1126 636 1191 Rursum
660 1125 784 1209 quaudo
802 1124 990 1212 September
1013 1136 1148 1211 quatuor
1166 1136 1301 1193 tautum-

246 1213 339 1278 modo
358 1212 535 1279 Dominicas
559 1215 807 1299 comprehendit,
824 1216 851 1279 si
866 1215 992 1280 initium
1017 1216 1089 1281 iibri
1113 1216 1221 1281 Judith
1239 1218 1302 1302 legi

246 1310 382 1387 nequeat
404 1301 459 1388 (ob
482 1302 575 1367 Eesta
599 1323 672 1388 quae·
684 1303 848 1368 Lectiones
871 1306 965 1389 primi
982 1304 1133 1369 Nocturni
1152 1308 1300 1391 proprias

246 1389 384 1456 habeant
406 1392 453 1455 vel
478 1392 516 1456 de
539 1392 703 1458 Communi
725 1391 933 1478 adsignatus)
965 1402 1037 1458 ante
1061 1394 1185 1459 Feriam
1209 1395 1299 1479 quin·

248 1487 309 1545 tam
334 1479 545 1545 Hebdomade
569 1490 711 1566 quartae,
744 1482 871 1546 minime
894 1480 942 1546 ias
974 1489 1022 1546 est
1045 1482 1124 1547 iilud
1148 1503 1302 1568 reponere

247 1588 308 1634 uua
332 1588 404 1633 cum
428 1568 519 1634 lnitio
543 1571 616 1635 libri
638 1570 753 1635 Esther
776 1570 807 1635 in
830 1570 941 1636 eadem
964 1571 1055 1635 Neria
1079 1573 1204 1657 quinta;
1229 1573 1302 1656 quia

246 1677 302 1743 per
318 1658 576 1743 anticipationem
601 1659 673 1725 libri
696 1658 810 1723 Esther
832 1660 865 1724 in
888 1659 978 1724 Eeria
996 1660 1050 1724 ilia
1063 1659 1129 1745 jam
1154 1662 1302 1726 continuo

247 1748 360 1831 incipit
375 1745 578 1812 Hebdomada
601 1749 721 1832 quinta,
737 1748 769 1811 in
786 1769 847 1833 qua
864 1749 1024 1823 nimirum,
1041 1758 1135 1833 prout
1159 1749 1300 1814 animad-

245 1836 400 1900 vertimus
422 1844 494 1919 post
517 1836 723 1921 Epiphaniam
746 1838 813 1903 aa
838 1847 870 1902 et
894 1837 946 1913 to,
966 1858 1119 1922 reponere
1142 1858 1204 1902 uon
1228 1840 1304 1903 licet

244 1921 375 1989 initium
401 1922 609 1989 Hebdomadae
633 1926 816 2011 praeteritam
834 1946 931 2011 quare
953 1926 1080 1991 Initium
1105 1926 1177 1991 libri
1193 1926 1302 1991 iudith

240 2011 273 2078 in
298 2032 337 2077 eo
362 2031 437 2077 casu
460 2034 538 2098 opus
562 2022 610 2078 est
627 2023 661 2078 ut
677 2014 727 2078 die
750 2015 855 2098 aliquo
874 2014 1062 2099 praecedenti
1079 2014 1161 2079 inira
1177 2014 1300 2080 Hebdo-

239 2101 373 2168 madam
403 2110 549 2185 quartam
580 2110 752 2188 reponatur
773 2103 804 2165 in
831 2102 922 2167 Festo
948 2102 1036 2189 (nou
1060 2102 1219 2187 classico)
1251 2112 1300 2169 ut·

239 2210 381 2275 cumque
410 2190 542 2275 praedito
566 2189 766 2254 Lectionibus
789 2190 883 2275 primi
906 2190 1057 2255 Nocturni
1089 2192 1226 2276 propriis
1250 2193 1300 2256 uei

237 2279 279 2346 de
304 2277 470 2343 Communi
494 2279 673 2362 assignatis,
698 2280 744 2343 uti
766 2280 886 2364 pariter
910 2280 1039 2343 eo‘loeo
1064 2287 1138 2365 post
1161 2279 1296 2365 Epipha-

238 2369 331 2434 niam
357 2366 553 2432 declaratum
578 2377 636 2432 est.

308 2456 341 2521 E.
358 2457 393 2520 In
409 2456 612 2522 Hebdomada
636 2457 729 2522 tertia
746 2455 952 2541 Septembris
965 2455 1057 2521 Eoria
1073 2464 1196 2540 quarta,
1212 2466 1301 2522 sexta

234 2567 277 2615 ac
303 2543 456 2621 Sabbato,
473 2544 613 2624 Quatuor
636 2546 793 2631 Tempora
816 2554 988 2611 occurerunt
1010 2543 1057 2631 (Ἴ.
1082 2545 1159 2610 Cum
1183 2544 1221 2610 de
1244 2546 1301 2611 Ee·

301 2794 338 2874 (“)
359 2795 508 2874 biottipiex
530 2795 629 2856 subest
649 2795 741 2867 ratio,
769 2814 858 2874 qnare
878 2795 936 2875 jam
966 2793 1031 2854 inde
1052 2813 1067 2854 a
1089 2795 1225 2873 primaeva
1248 2800 1301 2857 Ec·

233 2877 338 2942 clesiae
366 2883 447 2938 aetate
468 2884 534 2936 suut
555 2877 680 2935 instituta
702 2877 829 2948 Quatuor
851 2875 916 2934 anni
938 2879 1088 2952 Tempora.
1111 2880 1145 2936 Et
1170 2875 1213 2936 i.⁰
1234 2877 1322 2955 qui-¹

232 2959 306 3020 dem
330 2954 358 3016 in
380 2955 415 3015 iis
435 2963 530 3016 nostra
551 2959 611 3015 Deo
634 2953 812 3032 potissimum
834 2953 982 3015 offerimus
1000 2956 1125 3034 jejunia,
1147 2962 1178 3016 ut
1198 2975 1303 3034 nempe

236 3037 378 3098 misertus
397 3035 484 3096 nostri
506 3042 620 3114 peccata
641 3034 773 3104 dimittat,
794 3035 901 3114 quibus
922 3035 1045 3095 bumana
1067 3054 1136 3112 gens
1158 3043 1213 3096 toto
1235 3054 1302 3096 vcr-

234 3125 318 3180 tcnte
340 3133 414 3176 anuo
434 3133 599 3195 supremam
620 3113 710 3192 ipsius
726 3115 899 3194 Maiestatem
916 3114 1049 3175 audacter
1072 3116 1193 3175 lacessit.
1208 3115 1253 3176 2⁰
1267 3117 1304 3176 Ut

233 3194 420 3260 necessarios
440 3204 524 3256 terrae
545 3197 655 3255 tructus
676 3212 828 3271 precemur
850 3195 885 3255 ab
909 3194 979 3272 ipso,
1002 3194 1046 3253 ret
1068 3194 1178 3254 debitos
1200 3195 1225 3253 ei
1248 3211 1301 3272 pro

237 3275 388 3356 perceptis
409 3274 513 3354 gratias
533 3292 658 3352 agamus.
680 3274 725 3333 3.⁰
746 3278 781 3335 Ut
800 3276 886 3344 Dens,
908 3272 1148 3353 quemadmodum
1170 3273 1238 3333 sotis
1259 3293 1303 3332 re·

238 3374 312 3435 gens
334 3372 450 3415 cursum
472 3355 618 3415 aerarias
639 3353 703 3413 anni
733 3351 883 3414 moderans
904 3361 1106 3430 tempestates,
1136 3360 1298 3429 temporum

237 3438 290 3496 dat
310 3443 459 3512 tempora,
487 3435 523 3494 ita
545 3452 658 3514 quoque
680 3433 811 3509 dignetur
827 3432 934 3510 jugiter
955 3435 1020 3492 vitae
1050 3439 1152 3492 nostrae
1172 3431 1299 3491 actiones

238 3514 379 3592 dirigere,
397 3516 490 3576 studia
510 3533 541 3576 ae
557 3522 620 3574 vota
641 3513 795 3574 elementer
816 3515 943 3590 expiere,
973 3529 1089 3572 cursum
1118 3510 1242 3590 denique
1264 3511 1300 3571 ad

238 3596 358 3658 beatum
379 3595 486 3656 exitum
508 3594 624 3654 ducere.
640 3593 684 3654 d.⁰
697 3595 732 3652 Ht
752 3602 874 3672 quatuor
896 3593 957 3652 haec
979 3602 1106 3670 tempora
1129 3590 1216 3650 retati
1232 3590 1299 3649 anui

238 3673 380 3756 primitiae
400 3693 452 3752 per
467 3674 607 3755 jejunium
629 3677 689 3734 Deo
709 3680 920 3733 consecrentur.
943 3672 986 3733 59
1001 3674 1034 3732 Ut
1058 3671 1198 3731 hebraicae
1219 3671 1298 3748 genti

239 3753 314 3819 nihii
337 3755 489 3815 admodum
511 3756 546 3816 de
561 3752 737 3815 abstinentiae
751 3752 854 3812 virtute
868 3749 1044 3812 Christianus
1062 3750 1183 3828 populus
1198 3768 1297 3811 conrue-

238 3837 300 3899 dat
323 3839 449 3896 Rursum
470 3854 522 3914 per
543 3843 665 3914 quatuor
678 3832 742 3892 anni
758 3836 899 3910 tempora
922 3830 1071 3892 duodecim
1086 3831 1299 3910 quodammodo

237 3914 308 3978 anui
331 3931 444 3975 menses
465 3914 602 3992 peculiari
620 3913 729 3995 jejunio
749 3911 925 3972 dedicamus.
940 3912 1006 3972 Tria
1028 3911 1169 3989 siquidem
1187 3910 1298 3991 jejunia

237 3994 363 4073 singuiis
389 3994 568 4072 temporibus
595 3992 811 4072 praecipiuntur,
832 3991 899 4071 quia
928 3990 1152 4071 unumquodque
1181 3999 1296 4069 tempus

238 4085 301 4140 tres
329 4091 441 4136 menses
472 4073 689 4153 complectitur3
717 4073 810 4152 itaque
841 4072 946 4151 cuique
974 4070 1063 4133 mensi
1094 4087 1178 4133 suum
1204 4071 1295 4134 vetuti

234 4151 382 4238 jejunium
399 4152 576 4217 attribuitur.
599 4155 647 4214 iro
663 4154 757 4232 firme
779 4153 926 4217 Totumne.
