3484 4875
366 490 432 556 atu
638 513 813 559 eructuant
830 514 860 559 tr
876 513 1133 567 ouaunteusuratt

345 617 471 682 etiamsi
494 615 625 683 Festum
648 617 729 684 illud
752 620 795 684 sit
818 618 936 705 duplex
959 620 1073 706 primm
1096 618 1232 695 classis,
1258 618 1316 771 ppia
1330 615 1366 684 lc·

344 705 401 772 riae
425 702 685 789 Quadragesimae
706 706 862 793 ejusmodi
886 708 1054 793 privilegio
1078 708 1251 793 potiuntur.
1287 704 1368 772 estu

346 793 422 876 plici
445 793 515 858 sola
533 797 796 860 commemoratio
820 795 927 860 locum
952 796 1053 862 habet·
1072 796 1105 860 in
1128 792 1369 881 primisVespe'u

345 880 508 947 Laudibus
531 890 563 947 et
586 882 693 958 llissa,
727 884 848 969 absque
880 882 948 969 ejus
980 884 1133 950 lectione
1156 882 1198 948 ad
1220 882 1370 948 llatutiutn

307 1017 309 1022 -
345 969 391 1034 lle
414 968 528 1053 Vigilia
552 990 627 1035 vero
651 972 683 1035 in
706 970 816 1036 Perias
840 970 1102 1057 Quadragesiman
1126 971 1297 1047 incidente,
1403 990 1409 995 ·

345 1059 378 1122 in
403 1054 513 1123 Officio
538 1059 654 1143 agitur,
678 1059 736 1125 sed
760 1068 885 1126 tantum
910 1060 1177 1126 commemoratio
1200 1058 1234 1125 lit
1254 1060 1284 1125 in
1381 1112 1382 1115 η

347 1146 461 1231 Confer
483 1168 556 1231 ptvoe
577 1146 856 1213 animadvertimus
878 1148 933 1213 sub
958 1148 1008 1213 dte
1031 1148 1073 1213 25
1098 1146 1192 1214 Febr.
1215 1170 1244 1212 n.
1265 1143 1324 1212 llll.
1374 1138 1413 1224 ’ἒ

413 1235 443 1300 O.
468 1234 503 1299 ln
527 1232 780 1320 Ouadragesima
804 1257 868 1302 non
893 1236 1099 1302 celebrantur
1122 1234 1269 1311 Octavo,
1290 1232 1337 1299 nisi
1349 1239 1376 1298 tt
1406 1275 1413 1283 -

346 1323 536 1407 privilegio,
560 1333 715 1409 utsupra
740 1326 939 1390 declaratum
964 1333 1016 1390 est
1036 1345 1067 1389 n.
1092 1324 1123 1389 ἓ.
1149 1324 1210 1390 Ubi
1232 1332 1324 1389 auten

347 1412 550 1494 privilegium
576 1413 681 1495 viget,
713 1415 741 1477 si
772 1412 839 1478 dies
864 1412 983 1480 Octava
1016 1411 1139 1477 incidat
1163 1413 1197 1477 in
1220 1412 1340 1496 aliquam
1358 1444 1382 1464 a*
1408 1486 1413 1496 1

345 1498 521 1565 Dominicis
545 1498 829 1584 Quadragesimae,
853 1500 972 1566 Octava
995 1503 1065 1586 ipsa
1098 1507 1207 1565 cessat
1229 1500 1339 1565 omnino
1381 1542 1382 1549 ,
1406 1505 1412 1547 ἒ

346 1586 471 1653 Nonam
495 1587 556 1653 diei
581 1588 809 1674 praecedentis
835 1609 898 1676 quo
922 1608 1037 1675 nempe
1054 1589 1105 1654 die
1128 1590 1156 1653 si
1181 1596 1285 1653 actum
1304 1588 1375 1651 sitt
1405 1629 1412 1637 -

348 1674 457 1741 ficium
481 1676 520 1740 de
544 1678 679 1763 septima
705 1677 755 1743 die
780 1677 862 1743 inlra
894 1676 1069 1751 Octavam,
1092 1676 1244 1761 Vespera
1266 1683 1342 1741 crunt
1402 1699 1412 1723 =

346 1762 440 1827 Peria
464 1784 536 1828 cum
561 1764 698 1830 Psalmis
722 1765 865 1841 Sabbati,
883 1786 901 1831 a
917 1766 1062 1851 Capitulo
1079 1763 1265 1831 bominica.
1286 1762 1346 1829 Sit

347 1850 378 1913 in
396 1850 595 1917 Dominicam
612 1853 701 1918 illam
725 1854 793 1919 dies
810 1854 931 1919 incidat
954 1851 1036 1918 inira
1061 1852 1228 1928 Octavam,
1244 1852 1322 1918 nulla
1344 1845 1372 1905 t'

347 1940 418 2003 dem
444 1938 571 2004 Octava
595 1942 701 2024 agitur
725 1943 988 2008 commemoratio
1013 1943 1044 2006 in
1067 1939 1245 2006 Hominicae
1260 1939 1318 2005 lau
1350 1967 1352 1991 t

346 2034 378 2090 et
402 2027 515 2101 llissa,
540 2049 577 2092 ae
601 2029 737 2095 subinde
761 2031 912 2096 dicuntur
936 2028 1094 2113 Suffragia
1119 2028 1175 2116 (si
1200 2027 1327 2094 necdum
1347 2063 1367 2081 ÷=

345 2115 430 2199 perit
453 2115 660 2181 Hebdomada
684 2117 874 2205 Passionis)
898 2128 930 2184 et
953 2118 1091 2192 Preces,
1116 2118 1164 2183 uti
1189 2117 1289 2189 alias;
1310 2117 1335 2180 in
1353 2155 1367 2165 ω
1408 2157 1411 2164 ·

346 2203 459 2269 euntis
486 2213 592 2270 tamen
608 2205 758 2291 Vesperis
781 2206 901 2272 Octava
924 2206 1110 2280 resumitur,
1127 2206 1261 2291 eiusque
1283 2222 1369 2269 com>

347 2294 484 2357 moratio
502 2293 537 2358 tit
561 2294 610 2358 vel
627 2291 772 2358 Olllcium
794 2295 884 2380 juxta
903 2298 1139 2359 concurrentia
1155 2301 1189 2358 et
1213 2309 1359 2359 occurren

346 2380 450 2464 leges:
476 2382 503 2447 si
527 2381 622 2446 modo
647 2384 812 2468 exceperis
835 2383 1036 2448 Oominioam
1059 2381 1259 2458 Palmarum,
1275 2381 1303 2447 in
1343 2404 1352 2435 ι

345 2470 499 2535 nimirum
531 2472 644 2556 primis
669 2470 841 2557 Vesperis,
870 2480 1002 2558 peracta
1030 2472 1329 2536 commemoratione
1350 2496 1375 2544 ¹,

345 2554 429 2622 intra
452 2556 616 2633 Octavam,
635 2559 673 2622 dc
690 2558 749 2623 bac
766 2561 844 2625 nibil
862 2556 1000 2645 amplius
1017 2561 1133 2643 agitur,
1150 2568 1318 2646 propterea
1335 2583 1352 2613 ι’

345 2646 378 2709 in
402 2653 471 2710 tota
495 2647 608 2733 majori
633 2646 840 2713 Hebdomada
864 2650 996 2712 vetitum
1021 2649 1116 2733 plane
1140 2655 1202 2723 est,
1219 2646 1343 2714 etiams

345 2731 579 2816 Privilegiatos‚
604 2734 740 2800 Octavus
764 2736 922 2801 celebrari
946 2745 1000 2801 aut
1024 2734 1180 2821 protrahi.
1206 2736 1237 2801 S.
1262 2735 1297 2799 H.
1320 2731 1345 2797 G.
1378 2808 1379 2813 γ

347 2818 420 2885 dun.
447 2820 532 2886 1756
556 2822 587 2885 iu
610 2822 778 2888 Eiusidlca.
795 2824 836 2888 cd
861 2826 879 2888 5
905 2833 933 2888 et
957 2824 1052 2889 Rubr.
1073 2822 1178 2910 pecul.
1203 2846 1234 2888 u.
1252 2823 1294 2888 db
1315 2828 1337 2884 ct
1356 2827 1363 2841 ⁴

347 2904 439 2983 Quod
465 2903 539 2973 vero
564 2909 604 2974 ad
633 2909 700 2976 dies
724 2913 841 2977 attinet
871 2910 955 2977 inira
980 2909 1157 2986 Octavam,
1189 2910 1352 2976 incidentes

346 2993 456 3059 Perias
480 2994 740 3082 Quadragcsimae
771 2999 932 3086 (excepta
955 2998 1048 3065 Faria
1073 3007 1189 3083 quarta
1213 2999 1348 3064 Oiuerum

346 3090 414 3147 tota
439 3084 553 3170 majori
577 3086 806 3164 Hebdomada,
838 3097 874 3154 ut
894 3089 961 3174 jam
985 3086 1276 3174 praemonuimus),
1299 3079 1385 3170 quo'

348 3191 411 3236 non
445 3173 627 3240 celebretur
658 3175 790 3241 Festum
815 3177 931 3263 duplex
956 3177 1006 3241 vel
1029 3173 1255 3260 semiduplex,
1278 3170 1352 3240 Olli'

347 3261 410 3325 erit
433 3261 562 3346 quidem
587 3263 626 3328 dc
650 3263 701 3329 die
725 3264 806 3329 intra
832 3262 996 3339 Octavam,
1014 3284 1086 3329 cum
1110 3283 1197 3328 noua
1220 3263 1356 3343 Lectione

346 3351 653 3417 commemoratione
684 3354 884 3419 uccenseatis
908 3352 1030 3427 Peciae,
1062 3349 1119 3417 sed
1144 3351 1251 3418 llissae
1274 3354 1354 3417 crunt
1378 3365 1388 3372 ”

346 3456 437 3503 mnes
462 3438 501 3503 de
524 3438 616 3504 Feria
640 3457 712 3505 cum
730 3439 858 3507 Octava
882 3441 1200 3506 commemoratione.
1218 3438 1325 3505 ltecolc
1341 3442 1389 3520 l*

347 3525 503 3591 ediximus
526 3525 655 3613 subdue
684 3528 726 3592 25
750 3528 842 3594 Febr.
868 3552 899 3594 u.
922 3526 989 3592 Vll.
1014 3526 1133 3592 Verum
1159 3526 1199 3593 de
1231 3527 1282 3593 die
1304 3524 1389 3592 deun

349 3621 414 3677 tam
438 3613 596 3692 Officium,
620 3635 716 3700 quam
741 3616 845 3682 llissae
869 3616 1085 3692 celebrantur,
1110 3614 1156 3680 uti
1180 3606 1390 3681 eveniente

376 3701 501 3767 licibus

350 3719 371 3785 p
414 3788 445 3853 u.
469 3789 596 3876 Hymni,
619 3791 659 3873 l,
683 3810 720 3856 ac
743 3791 795 3878 rid.
819 3791 927 3857 brevia
951 3790 1125 3857 llominicae
1149 3791 1265 3878 prime
1287 3789 1393 3856 retinen

239 3942 248 3957 ,
348 3882 402 3939 tnr
426 3896 483 3961 pro
501 3877 611 3943 Officio
636 3879 674 3943 de
698 3879 856 3966 Tempore
881 3881 978 3945 ctiam
1002 3880 1034 3943 in
1058 3878 1269 3965 sequentibus
1286 3867 1394 3944 bombi

348 3964 394 4049 cis
411 3973 442 4030 ct
459 3963 560 4030 Feriis
584 3987 684 4053 usque
702 3967 741 4032 ad
758 3968 959 4033 bominicam
976 3968 1150 4034 Passionis.
1168 3966 1266 4034 uuor.
1285 3967 1313 4032 iu
1329 3963 1393 4031 uos

348 4053 362 4117 l
394 4052 658 4140 Oovodrcpesimae.
681 4054 902 4122 Invitatorium
927 4055 997 4125 Nou
1019 4058 1057 4122 sit
1079 4055 1164 4123 cobis
1189 4077 1306 4124 uuuuut
1328 4052 1393 4120 um
