<?xml version="1.0" encoding="UTF-8"?>
<!DOCTYPE html PUBLIC "-//W3C//DTD XHTML 1.0 Transitional//EN"
    "http://www.w3.org/TR/xhtml1/DTD/xhtml1-transitional.dtd">
<html xmlns="http://www.w3.org/1999/xhtml" xml:lang="en" lang="en">
 <head>
  <title>
</title>
<meta http-equiv="Content-Type" content="text/html;charset=utf-8" />
  <meta name='ocr-system' content='tesseract 3.04.00' />
  <meta name='ocr-capabilities' content='ocr_page ocr_carea ocr_par ocr_line ocrx_word'/>
</head>
<body>
  <div class='ocr_page' id='page_1' title='image "./kalendariumperp00carpgoog_0217.png"; bbox 0 0 3484 4875; ppageno 0'>
   <div class='ocr_carea' id='block_1_1' title="bbox 558 484 1342 552">
    <p class='ocr_par' dir='ltr' id='par_1_1' title="bbox 558 484 1342 552">
     <span class='ocr_line' id='line_1_1' title="bbox 558 484 1342 552; baseline 0.006 -5"><span class='ocrx_word' id='word_1_1' title='bbox 558 501 782 548; x_wconf 79' lang='lat' dir='ltr'><strong>annortrroncs</strong></span> <span class='ocrx_word' id='word_1_2' title='bbox 798 501 828 546; x_wconf 90' lang='lat' dir='ltr'><strong>m</strong></span> <span class='ocrx_word' id='word_1_3' title='bbox 845 501 936 547; x_wconf 78' lang='lat' dir='ltr'><strong>rosas</strong></span> <span class='ocrx_word' id='word_1_4' title='bbox 951 502 1105 547; x_wconf 73' lang='lat' dir='ltr'><strong>uersuram</strong></span> <span class='ocrx_word' id='word_1_5' title='bbox 1278 484 1342 552; x_wconf 73' lang='lat'><strong>205</strong></span> 
     </span>
    </p>
   </div>
   <div class='ocr_carea' id='block_1_2' title="bbox 319 607 1433 3269">
    <p class='ocr_par' dir='ltr' id='par_1_2' title="bbox 349 607 1365 1581">
     <span class='ocr_line' id='line_1_2' title="bbox 351 607 1364 694; baseline 0.004 -20"><span class='ocrx_word' id='word_1_6' title='bbox 351 608 623 685; x_wconf 73' lang='lat' dir='ltr'><strong>commemoratio,</strong></span> <span class='ocrx_word' id='word_1_7' title='bbox 646 614 702 674; x_wconf 90' lang='lat' dir='ltr'><strong>aut</strong></span> <span class='ocrx_word' id='word_1_8' title='bbox 724 607 840 694; x_wconf 86' lang='lat' dir='ltr'>duplex</span> <span class='ocrx_word' id='word_1_9' title='bbox 863 609 1147 686; x_wconf 75' lang='lat' dir='ltr'><strong>commemoratio,</strong></span> <span class='ocrx_word' id='word_1_10' title='bbox 1168 608 1287 675; x_wconf 88' lang='lat' dir='ltr'><strong>idcireo</strong></span> <span class='ocrx_word' id='word_1_11' title='bbox 1310 632 1364 678; x_wconf 90' lang='lat' dir='ltr'><strong>ne·</strong></span> 
     </span>
     <span class='ocr_line' id='line_1_3' title="bbox 351 696 1365 783; baseline 0.005 -22"><span class='ocrx_word' id='word_1_12' title='bbox 351 716 431 772; x_wconf 84' lang='lat' dir='ltr'><strong>cesse</strong></span> <span class='ocrx_word' id='word_1_13' title='bbox 453 707 504 763; x_wconf 90' lang='lat' dir='ltr'><strong>est</strong></span> <span class='ocrx_word' id='word_1_14' title='bbox 529 705 565 762; x_wconf 93' lang='lat' dir='ltr'><strong>ut</strong></span> <span class='ocrx_word' id='word_1_15' title='bbox 589 696 628 762; x_wconf 88' lang='lat' dir='ltr'><strong>de</strong></span> <span class='ocrx_word' id='word_1_16' title='bbox 651 716 717 762; x_wconf 86' lang='lat' dir='ltr'><strong>una</strong></span> <span class='ocrx_word' id='word_1_17' title='bbox 735 696 849 781; x_wconf 81' lang='lat' dir='ltr'><strong>Vigilia</strong></span> <span class='ocrx_word' id='word_1_18' title='bbox 873 697 952 763; x_wconf 89' lang='lat' dir='ltr'>nihil</span> <span class='ocrx_word' id='word_1_19' title='bbox 975 717 1107 783; x_wconf 87' lang='lat' dir='ltr'><strong>prorsus</strong></span> <span class='ocrx_word' id='word_1_20' title='bbox 1130 697 1194 762; x_wconf 86' lang='lat' dir='ltr'><strong>liat.</strong></span> <span class='ocrx_word' id='word_1_21' title='bbox 1211 696 1258 764; x_wconf 86' lang='lat' dir='ltr'><strong>Ob</strong></span> <span class='ocrx_word' id='word_1_22' title='bbox 1282 719 1365 766; x_wconf 90' lang='lat' dir='ltr'><strong>eam·</strong></span> 
     </span>
     <span class='ocr_line' id='line_1_4' title="bbox 350 784 1364 872; baseline 0.005 -22"><span class='ocrx_word' id='word_1_23' title='bbox 350 784 414 851; x_wconf 83' lang='lat' dir='ltr'><strong>lem</strong></span> <span class='ocrx_word' id='word_1_24' title='bbox 429 786 587 852; x_wconf 90' lang='lat' dir='ltr'><strong>rationem</strong></span> <span class='ocrx_word' id='word_1_25' title='bbox 608 785 688 852; x_wconf 89' lang='lat' dir='ltr'><strong>nibil</strong></span> <span class='ocrx_word' id='word_1_26' title='bbox 710 788 831 872; x_wconf 87' lang='lat' dir='ltr'><strong>pariter</strong></span> <span class='ocrx_word' id='word_1_27' title='bbox 853 786 959 869; x_wconf 84' lang='lat' dir='ltr'><strong>egitur</strong></span> <span class='ocrx_word' id='word_1_28' title='bbox 982 786 1021 851; x_wconf 91' lang='lat' dir='ltr'><strong>de</strong></span> <span class='ocrx_word' id='word_1_29' title='bbox 1037 785 1150 870; x_wconf 82' lang='lat' dir='ltr'><strong>Vigilia</strong></span> <span class='ocrx_word' id='word_1_30' title='bbox 1175 799 1364 855; x_wconf 87' lang='lat' dir='ltr'><strong>oecurrente</strong></span> 
     </span>
     <span class='ocr_line' id='line_1_5' title="bbox 350 873 1363 960; baseline 0.003 -21"><span class='ocrx_word' id='word_1_31' title='bbox 350 873 497 940; x_wconf 87' lang='lat' dir='ltr'><strong>icFeriis</strong></span> <span class='ocrx_word' id='word_1_32' title='bbox 531 875 728 960; x_wconf 87' lang='lat' dir='ltr'><strong>majoribus,</strong></span> <span class='ocrx_word' id='word_1_33' title='bbox 763 882 798 940; x_wconf 91' lang='lat' dir='ltr'><strong>ut</strong></span> <span class='ocrx_word' id='word_1_34' title='bbox 829 894 926 959; x_wconf 90' lang='lat' dir='ltr'><strong>supra</strong></span> <span class='ocrx_word' id='word_1_35' title='bbox 951 874 1207 940; x_wconf 85' lang='lat' dir='ltr'><strong>animadversum</strong></span> <span class='ocrx_word' id='word_1_36' title='bbox 1242 884 1301 941; x_wconf 89' lang='lat' dir='ltr'><strong>est.</strong></span> <span class='ocrx_word' id='word_1_37' title='bbox 1327 877 1363 943; x_wconf 89' lang='lat' dir='ltr'><strong>ln</strong></span> 
     </span>
     <span class='ocr_line' id='line_1_6' title="bbox 350 962 1364 1047; baseline 0.004 -20"><span class='ocrx_word' id='word_1_38' title='bbox 350 962 436 1029; x_wconf 91' lang='lat' dir='ltr'><strong>llissa</strong></span> <span class='ocrx_word' id='word_1_39' title='bbox 458 983 535 1029; x_wconf 78' lang='lat' dir='ltr'><strong>uero</strong></span> <span class='ocrx_word' id='word_1_40' title='bbox 557 963 597 1028; x_wconf 81' lang='lat' dir='ltr'><strong>tle</strong></span> <span class='ocrx_word' id='word_1_41' title='bbox 612 963 725 1047; x_wconf 83' lang='lat' dir='ltr'><strong>Vigilia</strong></span> <span class='ocrx_word' id='word_1_42' title='bbox 750 963 857 1030; x_wconf 90' lang='lat' dir='ltr'><strong>locum</strong></span> <span class='ocrx_word' id='word_1_43' title='bbox 881 962 977 1028; x_wconf 91' lang='lat' dir='ltr'><strong>babet</strong></span> <span class='ocrx_word' id='word_1_44' title='bbox 1000 965 1262 1029; x_wconf 80' lang='lat' dir='ltr'><strong>commemoratio</strong></span> <span class='ocrx_word' id='word_1_45' title='bbox 1287 966 1364 1031; x_wconf 92' lang='lat' dir='ltr'><strong>alte·</strong></span> 
     </span>
     <span class='ocr_line' id='line_1_7' title="bbox 350 1051 1364 1137; baseline 0.004 -21"><span class='ocrx_word' id='word_1_46' title='bbox 350 1051 409 1117; x_wconf 91' lang='lat' dir='ltr'><strong>rios</strong></span> <span class='ocrx_word' id='word_1_47' title='bbox 430 1051 575 1137; x_wconf 83' lang='lat' dir='ltr'><strong>Vigiliaa,</strong></span> <span class='ocrx_word' id='word_1_48' title='bbox 599 1053 682 1117; x_wconf 88' lang='lat' dir='ltr'><strong>etsi</strong></span> <span class='ocrx_word' id='word_1_49' title='bbox 705 1052 747 1116; x_wconf 93' lang='lat' dir='ltr'><strong>sit</strong></span> <span class='ocrx_word' id='word_1_50' title='bbox 770 1052 809 1117; x_wconf 89' lang='lat' dir='ltr'><strong>de</strong></span> <span class='ocrx_word' id='word_1_51' title='bbox 833 1051 947 1127; x_wconf 87' lang='lat' dir='ltr'><strong>Festo,</strong></span> <span class='ocrx_word' id='word_1_52' title='bbox 972 1053 1232 1118; x_wconf 83' lang='lat' dir='ltr'><strong>commemoratio</strong></span> <span class='ocrx_word' id='word_1_53' title='bbox 1257 1056 1364 1137; x_wconf 81' lang='lat' dir='ltr'><strong>agitur</strong></span> 
     </span>
     <span class='ocr_line' id='line_1_8' title="bbox 352 1140 1361 1227; baseline 0.003 -22"><span class='ocrx_word' id='word_1_54' title='bbox 352 1141 508 1227; x_wconf 90' lang='lat' dir='ltr'><strong>utriusque</strong></span> <span class='ocrx_word' id='word_1_55' title='bbox 530 1141 675 1225; x_wconf 84' lang='lat' dir='ltr'><strong>Vigiliee;</strong></span> <span class='ocrx_word' id='word_1_56' title='bbox 700 1141 774 1227; x_wconf 88' lang='lat' dir='ltr'><strong>quia</strong></span> <span class='ocrx_word' id='word_1_57' title='bbox 797 1160 870 1206; x_wconf 91' lang='lat' dir='ltr'><strong>eum</strong></span> <span class='ocrx_word' id='word_1_58' title='bbox 894 1140 962 1205; x_wconf 78' lang='lat' dir='ltr'><strong>haee</strong></span> <span class='ocrx_word' id='word_1_59' title='bbox 986 1143 1246 1206; x_wconf 80' lang='lat' dir='ltr'><strong>commemoratio</strong></span> <span class='ocrx_word' id='word_1_60' title='bbox 1271 1141 1361 1208; x_wconf 91' lang='lat' dir='ltr'><strong>dum·</strong></span> 
     </span>
     <span class='ocr_line' id='line_1_9' title="bbox 349 1226 1363 1317; baseline 0.003 -23"><span class='ocrx_word' id='word_1_61' title='bbox 349 1236 429 1294; x_wconf 67' lang='lat' dir='ltr'><strong>urat</strong></span> <span class='ocrx_word' id='word_1_62' title='bbox 451 1231 606 1295; x_wconf 84' lang='lat' dir='ltr'><strong>consistat</strong></span> <span class='ocrx_word' id='word_1_63' title='bbox 628 1230 661 1295; x_wconf 90' lang='lat' dir='ltr'><strong>in</strong></span> <span class='ocrx_word' id='word_1_64' title='bbox 685 1226 856 1305; x_wconf 83' lang='lat' dir='ltr'><strong>Oratione,</strong></span> <span class='ocrx_word' id='word_1_65' title='bbox 889 1248 959 1315; x_wconf 78' lang='lat' dir='ltr'><strong>quae</strong></span> <span class='ocrx_word' id='word_1_66' title='bbox 984 1236 1032 1294; x_wconf 90' lang='lat' dir='ltr'><strong>est</strong></span> <span class='ocrx_word' id='word_1_67' title='bbox 1056 1231 1207 1317; x_wconf 91' lang='lat' dir='ltr'><strong>propria,</strong></span> <span class='ocrx_word' id='word_1_68' title='bbox 1240 1251 1303 1297; x_wconf 90' lang='lat' dir='ltr'><strong>nou</strong></span> <span class='ocrx_word' id='word_1_69' title='bbox 1327 1252 1363 1297; x_wconf 89' lang='lat' dir='ltr'><strong>ea</strong></span> 
     </span>
     <span class='ocr_line' id='line_1_10' title="bbox 350 1316 1362 1407; baseline 0.006 -26"><span class='ocrx_word' id='word_1_70' title='bbox 350 1326 490 1384; x_wconf 86' lang='lat' dir='ltr'><strong>censetur</strong></span> <span class='ocrx_word' id='word_1_71' title='bbox 513 1319 772 1384; x_wconf 88' lang='lat' dir='ltr'><strong>commemoratio</strong></span> <span class='ocrx_word' id='word_1_72' title='bbox 796 1317 907 1392; x_wconf 81' lang='lat' dir='ltr'><strong>Feriae,</strong></span> <span class='ocrx_word' id='word_1_73' title='bbox 931 1316 988 1383; x_wconf 88' lang='lat' dir='ltr'><strong>sed</strong></span> <span class='ocrx_word' id='word_1_74' title='bbox 1005 1317 1114 1384; x_wconf 87' lang='lat' dir='ltr'><strong>Sancti</strong></span> <span class='ocrx_word' id='word_1_75' title='bbox 1137 1319 1255 1405; x_wconf 91' lang='lat' dir='ltr'><strong>potius,</strong></span> <span class='ocrx_word' id='word_1_76' title='bbox 1272 1321 1362 1407; x_wconf 86' lang='lat' dir='ltr'><strong>cujus</strong></span> 
     </span>
     <span class='ocr_line' id='line_1_11' title="bbox 350 1404 1361 1494; baseline 0.004 -24"><span class='ocrx_word' id='word_1_77' title='bbox 350 1404 470 1472; x_wconf 81' lang='lat' dir='ltr'><strong>Festum</strong></span> <span class='ocrx_word' id='word_1_78' title='bbox 502 1410 559 1494; x_wconf 92' lang='lat' dir='ltr'><strong>per</strong></span> <span class='ocrx_word' id='word_1_79' title='bbox 581 1406 727 1492; x_wconf 80' lang='lat' dir='ltr'><strong>Vigiliam</strong></span> <span class='ocrx_word' id='word_1_80' title='bbox 751 1407 952 1491; x_wconf 83' lang='lat' dir='ltr'><strong>praevenitur.</strong></span> <span class='ocrx_word' id='word_1_81' title='bbox 980 1406 1083 1473; x_wconf 84' lang='lat' dir='ltr'><strong>Cooal.</strong></span> <span class='ocrx_word' id='word_1_82' title='bbox 1107 1408 1126 1473; x_wconf 87' lang='grc'><strong>1.</strong></span> <span class='ocrx_word' id='word_1_83' title='bbox 1151 1408 1201 1472; x_wconf 78' lang='lat' dir='ltr'><strong>eit.</strong></span> <span class='ocrx_word' id='word_1_84' title='bbox 1226 1407 1300 1473; x_wconf 80' lang='lat' dir='ltr'><strong>aa</strong></span> <span class='ocrx_word' id='word_1_85' title='bbox 1331 1432 1361 1475; x_wconf 86' lang='lat' dir='ltr'><strong>n.</strong></span> 
     </span>
     <span class='ocr_line' id='line_1_12' title="bbox 351 1494 1364 1581; baseline 0.002 -22"><span class='ocrx_word' id='word_1_86' title='bbox 351 1494 385 1559; x_wconf 84' lang='lat' dir='ltr'><strong>tt</strong></span> <span class='ocrx_word' id='word_1_87' title='bbox 406 1505 435 1560; x_wconf 87' lang='lat' dir='ltr'><strong>ct</strong></span> <span class='ocrx_word' id='word_1_88' title='bbox 459 1496 510 1561; x_wconf 86' lang='grc'><strong>19.</strong></span> <span class='ocrx_word' id='word_1_89' title='bbox 536 1494 665 1575; x_wconf 86' lang='lat' dir='ltr'><strong>Quoties</strong></span> <span class='ocrx_word' id='word_1_90' title='bbox 690 1494 760 1560; x_wconf 80' lang='lat' dir='ltr'><strong>duae</strong></span> <span class='ocrx_word' id='word_1_91' title='bbox 784 1496 816 1561; x_wconf 89' lang='lat' dir='ltr'><strong>in</strong></span> <span class='ocrx_word' id='word_1_92' title='bbox 840 1494 924 1560; x_wconf 90' lang='lat' dir='ltr'><strong>diem</strong></span> <span class='ocrx_word' id='word_1_93' title='bbox 948 1495 1090 1561; x_wconf 89' lang='lat' dir='ltr'><strong>eamdem</strong></span> <span class='ocrx_word' id='word_1_94' title='bbox 1115 1495 1258 1561; x_wconf 85' lang='lat' dir='ltr'><strong>incidunt</strong></span> <span class='ocrx_word' id='word_1_95' title='bbox 1280 1497 1364 1581; x_wconf 87' lang='lat' dir='ltr'><strong>Vigi-</strong></span> 
     </span>
    </p>

    <p class='ocr_par' dir='ltr' id='par_1_3' title="bbox 328 1582 1433 1845">
     <span class='ocr_line' id='line_1_13' title="bbox 328 1582 1363 1670; baseline 0.003 -22"><span class='ocrx_word' id='word_1_96' title='bbox 328 1582 403 1660; x_wconf 81' lang='lat' dir='ltr'><strong>-liae,</strong></span> <span class='ocrx_word' id='word_1_97' title='bbox 428 1591 462 1648; x_wconf 92' lang='lat' dir='ltr'><strong>ut</strong></span> <span class='ocrx_word' id='word_1_98' title='bbox 484 1603 592 1669; x_wconf 86' lang='lat' dir='ltr'><strong>supra,</strong></span> <span class='ocrx_word' id='word_1_99' title='bbox 609 1586 636 1649; x_wconf 92' lang='lat' dir='ltr'><strong>si</strong></span> <span class='ocrx_word' id='word_1_100' title='bbox 659 1582 806 1649; x_wconf 84' lang='lat' dir='ltr'><strong>Officium</strong></span> <span class='ocrx_word' id='word_1_101' title='bbox 830 1586 1031 1670; x_wconf 87' lang='lat' dir='ltr'><strong>persolvatur</strong></span> <span class='ocrx_word' id='word_1_102' title='bbox 1054 1584 1092 1650; x_wconf 89' lang='lat' dir='ltr'><strong>de</strong></span> <span class='ocrx_word' id='word_1_103' title='bbox 1115 1586 1280 1661; x_wconf 91' lang='lat' dir='ltr'><strong>alterutra,</strong></span> <span class='ocrx_word' id='word_1_104' title='bbox 1297 1588 1363 1651; x_wconf 86' lang='lat' dir='ltr'><strong>uui-</strong></span> 
     </span>
     <span class='ocr_line' id='line_1_14' title="bbox 349 1669 1433 1758; baseline 0.003 -21"><span class='ocrx_word' id='word_1_105' title='bbox 349 1691 381 1737; x_wconf 82' lang='lat' dir='ltr'><strong>ta</strong></span> <span class='ocrx_word' id='word_1_106' title='bbox 402 1673 522 1758; x_wconf 88' lang='lat' dir='ltr'><strong>pariter</strong></span> <span class='ocrx_word' id='word_1_107' title='bbox 539 1672 632 1737; x_wconf 84' lang='lat' dir='ltr'><strong>llissa</strong></span> <span class='ocrx_word' id='word_1_108' title='bbox 651 1672 873 1738; x_wconf 83' lang='lat' dir='ltr'><strong>Conventualis</strong></span> <span class='ocrx_word' id='word_1_109' title='bbox 894 1674 925 1737; x_wconf 92' lang='lat' dir='ltr'><strong>in</strong></span> <span class='ocrx_word' id='word_1_110' title='bbox 943 1671 1094 1738; x_wconf 84' lang='lat' dir='ltr'><strong>Fcclesiis</strong></span> <span class='ocrx_word' id='word_1_111' title='bbox 1118 1673 1360 1741; x_wconf 79' lang='lat' dir='ltr'><strong>(latheolralibus</strong></span> <span class='ocrx_word' id='word_1_112' title='bbox 1430 1669 1433 1675; x_wconf 77' lang='grc'><strong>’</strong></span> 
     </span>
     <span class='ocr_line' id='line_1_15' title="bbox 349 1761 1362 1845; baseline 0.004 -20"><span class='ocrx_word' id='word_1_113' title='bbox 349 1768 402 1825; x_wconf 89' lang='lat' dir='ltr'><strong>etc.</strong></span> <span class='ocrx_word' id='word_1_114' title='bbox 419 1761 458 1825; x_wconf 85' lang='lat' dir='ltr'><strong>de</strong></span> <span class='ocrx_word' id='word_1_115' title='bbox 481 1782 518 1826; x_wconf 92' lang='lat' dir='ltr'><strong>ea</strong></span> <span class='ocrx_word' id='word_1_116' title='bbox 530 1761 647 1845; x_wconf 83' lang='lat' dir='ltr'><strong>-Vigilia</strong></span> <span class='ocrx_word' id='word_1_117' title='bbox 672 1763 733 1826; x_wconf 87' lang='lat' dir='ltr'><strong>erit</strong></span> <span class='ocrx_word' id='word_1_118' title='bbox 757 1761 947 1827; x_wconf 84' lang='lat' dir='ltr'><strong>celebranda</strong></span> <span class='ocrx_word' id='word_1_119' title='bbox 972 1782 1045 1828; x_wconf 92' lang='lat' dir='ltr'><strong>cum</strong></span> <span class='ocrx_word' id='word_1_120' title='bbox 1069 1764 1200 1834; x_wconf 87' lang='lat' dir='ltr'><strong>alterius</strong></span> <span class='ocrx_word' id='word_1_121' title='bbox 1225 1783 1362 1829; x_wconf 92' lang='lat' dir='ltr'><strong>comme·</strong></span> 
     </span>
    </p>

    <p class='ocr_par' dir='ltr' id='par_1_4' title="bbox 329 1849 1386 2359">
     <span class='ocr_line' id='line_1_16' title="bbox 329 1849 1362 1940; baseline 0.003 -26"><span class='ocrx_word' id='word_1_122' title='bbox 329 1867 334 1940; x_wconf 61' lang='lat' dir='ltr'>J</span> <span class='ocrx_word' id='word_1_123' title='bbox 349 1850 539 1923; x_wconf 91' lang='lat' dir='ltr'><strong>muratiooe;</strong></span> <span class='ocrx_word' id='word_1_124' title='bbox 563 1852 645 1916; x_wconf 91' lang='lat' dir='ltr'><strong>atsi</strong></span> <span class='ocrx_word' id='word_1_125' title='bbox 670 1849 814 1915; x_wconf 77' lang='lat' dir='ltr'><strong>Officium</strong></span> <span class='ocrx_word' id='word_1_126' title='bbox 838 1859 953 1935; x_wconf 82' lang='lat' dir='ltr'><strong>agatur</strong></span> <span class='ocrx_word' id='word_1_127' title='bbox 976 1849 1014 1916; x_wconf 88' lang='lat' dir='ltr'><strong>de</strong></span> <span class='ocrx_word' id='word_1_128' title='bbox 1038 1850 1154 1927; x_wconf 90' lang='lat' dir='ltr'><strong>Festo,</strong></span> <span class='ocrx_word' id='word_1_129' title='bbox 1180 1861 1255 1917; x_wconf 92' lang='lat' dir='ltr'><strong>tunc</strong></span> <span class='ocrx_word' id='word_1_130' title='bbox 1278 1852 1362 1928; x_wconf 77' lang='lat' dir='ltr'><strong>binae</strong></span> 
     </span>
     <span class='ocr_line' id='line_1_17' title="bbox 349 1936 1386 2013; baseline 0.008 -12"><span class='ocrx_word' id='word_1_131' title='bbox 349 1936 487 2003; x_wconf 86' lang='lat' dir='ltr'><strong>licentur</strong></span> <span class='ocrx_word' id='word_1_132' title='bbox 517 1938 620 2003; x_wconf 75' lang='lat' dir='ltr'><strong>Missae</strong></span> <span class='ocrx_word' id='word_1_133' title='bbox 643 1938 894 2013; x_wconf 88' lang='lat' dir='ltr'><strong>Conventuales;</strong></span> <span class='ocrx_word' id='word_1_134' title='bbox 920 1940 1021 2005; x_wconf 88' lang='lat' dir='ltr'><strong>altera</strong></span> <span class='ocrx_word' id='word_1_135' title='bbox 1055 1940 1177 2006; x_wconf 89' lang='lat' dir='ltr'><strong>seilicet</strong></span> <span class='ocrx_word' id='word_1_136' title='bbox 1202 1941 1242 2005; x_wconf 79' lang='lat' dir='ltr'><strong>tle</strong></span> <span class='ocrx_word' id='word_1_137' title='bbox 1265 1939 1361 2007; x_wconf 88' lang='lat' dir='ltr'><strong>Festo</strong></span> <span class='ocrx_word' id='word_1_138' title='bbox 1383 2005 1386 2010; x_wconf 83' lang='lat'><strong>.</strong></span> 
     </span>
     <span class='ocr_line' id='line_1_18' title="bbox 348 2026 1363 2113; baseline 0.007 -24"><span class='ocrx_word' id='word_1_139' title='bbox 348 2026 410 2092; x_wconf 91' lang='lat' dir='ltr'><strong>sine</strong></span> <span class='ocrx_word' id='word_1_140' title='bbox 433 2028 733 2093; x_wconf 88' lang='lat' dir='ltr'><strong>commemoratione</strong></span> <span class='ocrx_word' id='word_1_141' title='bbox 755 2028 954 2112; x_wconf 85' lang='lat' dir='ltr'><strong>Vigiliarum,</strong></span> <span class='ocrx_word' id='word_1_142' title='bbox 979 2029 1080 2094; x_wconf 89' lang='lat' dir='ltr'><strong>altera</strong></span> <span class='ocrx_word' id='word_1_143' title='bbox 1106 2028 1145 2093; x_wconf 91' lang='lat' dir='ltr'><strong>de</strong></span> <span class='ocrx_word' id='word_1_144' title='bbox 1167 2028 1293 2113; x_wconf 80' lang='lat' dir='ltr'><strong>vigilia,</strong></span> <span class='ocrx_word' id='word_1_145' title='bbox 1312 2051 1363 2096; x_wconf 90' lang='lat' dir='ltr'><strong>cu·</strong></span> 
     </span>
     <span class='ocr_line' id='line_1_19' title="bbox 347 2112 1359 2202; baseline 0.001 -21"><span class='ocrx_word' id='word_1_146' title='bbox 347 2112 392 2199; x_wconf 83' lang='lat' dir='ltr'><strong>jus</strong></span> <span class='ocrx_word' id='word_1_147' title='bbox 413 2113 559 2181; x_wconf 83' lang='lat' dir='ltr'><strong>Officium</strong></span> <span class='ocrx_word' id='word_1_148' title='bbox 582 2115 694 2182; x_wconf 89' lang='lat' dir='ltr'><strong>luisset</strong></span> <span class='ocrx_word' id='word_1_149' title='bbox 716 2117 984 2202; x_wconf 91' lang='lat' dir='ltr'><strong>persolvendum,</strong></span> <span class='ocrx_word' id='word_1_150' title='bbox 1008 2117 1069 2181; x_wconf 88' lang='lat' dir='ltr'><strong>nisi</strong></span> <span class='ocrx_word' id='word_1_151' title='bbox 1091 2115 1223 2182; x_wconf 82' lang='lat' dir='ltr'><strong>Festum</strong></span> <span class='ocrx_word' id='word_1_152' title='bbox 1248 2138 1359 2183; x_wconf 92' lang='lat' dir='ltr'><strong>occur·</strong></span> 
     </span>
     <span class='ocr_line' id='line_1_20' title="bbox 349 2202 1359 2290; baseline 0.003 -22"><span class='ocrx_word' id='word_1_153' title='bbox 349 2202 451 2281; x_wconf 87' lang='lat' dir='ltr'><strong>risset,</strong></span> <span class='ocrx_word' id='word_1_154' title='bbox 474 2225 547 2270; x_wconf 92' lang='lat' dir='ltr'><strong>cum</strong></span> <span class='ocrx_word' id='word_1_155' title='bbox 569 2206 701 2272; x_wconf 91' lang='lat' dir='ltr'><strong>alterius</strong></span> <span class='ocrx_word' id='word_1_156' title='bbox 725 2205 847 2290; x_wconf 78' lang='lat' dir='ltr'><strong>Vigiliae</strong></span> <span class='ocrx_word' id='word_1_157' title='bbox 861 2205 1183 2271; x_wconf 85' lang='lat' dir='ltr'><strong>&#39;commemoratione</strong></span> <span class='ocrx_word' id='word_1_158' title='bbox 1211 2206 1314 2271; x_wconf 84' lang='lat' dir='ltr'><strong>Guool.</strong></span> <span class='ocrx_word' id='word_1_159' title='bbox 1340 2207 1359 2271; x_wconf 90' lang='grc'><strong>1.</strong></span> 
     </span>
     <span class='ocr_line' id='line_1_21' title="bbox 350 2291 528 2359; baseline 0.011 -2"><span class='ocrx_word' id='word_1_160' title='bbox 350 2291 396 2357; x_wconf 81' lang='lat' dir='ltr'><strong>cio.</strong></span> <span class='ocrx_word' id='word_1_161' title='bbox 419 2315 450 2358; x_wconf 86' lang='lat' dir='ltr'><strong>o.</strong></span> <span class='ocrx_word' id='word_1_162' title='bbox 474 2293 528 2359; x_wconf 70' lang='lat'><strong>20.</strong></span> 
     </span>
    </p>

    <p class='ocr_par' dir='ltr' id='par_1_5' title="bbox 319 2371 1361 2999">
     <span class='ocr_line' id='line_1_22' title="bbox 319 2371 1361 2465; baseline 0.003 -20"><span class='ocrx_word' id='word_1_163' title='bbox 319 2371 358 2445; x_wconf 73' lang='lat' dir='ltr'><strong>ll</strong></span> <span class='ocrx_word' id='word_1_164' title='bbox 376 2417 418 2430; x_wconf 95' lang='lat'><em>-</em></span> <span class='ocrx_word' id='word_1_165' title='bbox 440 2381 464 2447; x_wconf 90' lang='lat' dir='ltr'><strong>l.</strong></span> <span class='ocrx_word' id='word_1_166' title='bbox 487 2382 523 2448; x_wconf 91' lang='lat' dir='ltr'><strong>lu</strong></span> <span class='ocrx_word' id='word_1_167' title='bbox 547 2401 629 2447; x_wconf 90' lang='lat' dir='ltr'><strong>annu</strong></span> <span class='ocrx_word' id='word_1_168' title='bbox 652 2382 829 2458; x_wconf 80' lang='lat' dir='ltr'><strong>Communi,</strong></span> <span class='ocrx_word' id='word_1_169' title='bbox 845 2382 939 2449; x_wconf 85' lang='lat' dir='ltr'><strong>bodie</strong></span> <span class='ocrx_word' id='word_1_170' title='bbox 962 2382 1094 2449; x_wconf 88' lang='lat' dir='ltr'><strong>Festum</strong></span> <span class='ocrx_word' id='word_1_171' title='bbox 1120 2382 1226 2465; x_wconf 82' lang='lat' dir='ltr'><strong>agitur</strong></span> <span class='ocrx_word' id='word_1_172' title='bbox 1249 2380 1281 2448; x_wconf 89' lang='lat' dir='ltr'><strong>S.</strong></span> <span class='ocrx_word' id='word_1_173' title='bbox 1298 2382 1361 2448; x_wconf 90' lang='lat' dir='ltr'><strong>lla·</strong></span> 
     </span>
     <span class='ocr_line' id='line_1_23' title="bbox 350 2467 1359 2556; baseline 0.001 -22"><span class='ocrx_word' id='word_1_174' title='bbox 350 2467 415 2535; x_wconf 79' lang='lat' dir='ltr'><strong>uia</strong></span> <span class='ocrx_word' id='word_1_175' title='bbox 438 2472 592 2556; x_wconf 80' lang='lat' dir='ltr'><strong>Apostoli.</strong></span> <span class='ocrx_word' id='word_1_176' title='bbox 617 2471 651 2537; x_wconf 92' lang='lat' dir='ltr'><strong>Si</strong></span> <span class='ocrx_word' id='word_1_177' title='bbox 674 2472 734 2537; x_wconf 94' lang='lat' dir='ltr'><strong>boc</strong></span> <span class='ocrx_word' id='word_1_178' title='bbox 757 2472 877 2536; x_wconf 88' lang='lat' dir='ltr'><strong>incidat</strong></span> <span class='ocrx_word' id='word_1_179' title='bbox 900 2474 932 2537; x_wconf 90' lang='lat' dir='ltr'><strong>in</strong></span> <span class='ocrx_word' id='word_1_180' title='bbox 957 2470 1257 2556; x_wconf 83' lang='lat' dir='ltr'><strong>Quadragesimam,</strong></span> <span class='ocrx_word' id='word_1_181' title='bbox 1282 2472 1359 2556; x_wconf 84' lang='lat' dir='ltr'><strong>legi·</strong></span> 
     </span>
     <span class='ocr_line' id='line_1_24' title="bbox 349 2559 1359 2645; baseline 0.004 -24"><span class='ocrx_word' id='word_1_182' title='bbox 349 2563 394 2625; x_wconf 89' lang='lat' dir='ltr'><strong>tur</strong></span> <span class='ocrx_word' id='word_1_183' title='bbox 416 2559 435 2624; x_wconf 83' lang='lat'>9</span> <span class='ocrx_word' id='word_1_184' title='bbox 459 2559 567 2626; x_wconf 87' lang='lat' dir='ltr'><strong>Lectio</strong></span> <span class='ocrx_word' id='word_1_185' title='bbox 590 2560 630 2626; x_wconf 81' lang='lat' dir='ltr'><strong>tle</strong></span> <span class='ocrx_word' id='word_1_186' title='bbox 653 2560 782 2626; x_wconf 89' lang='lat' dir='ltr'><strong>homilia</strong></span> <span class='ocrx_word' id='word_1_187' title='bbox 804 2559 916 2637; x_wconf 89' lang='lat' dir='ltr'><strong>Feriee,</strong></span> <span class='ocrx_word' id='word_1_188' title='bbox 935 2560 1024 2645; x_wconf 81' lang='lat' dir='ltr'><strong>cujus</strong></span> <span class='ocrx_word' id='word_1_189' title='bbox 1048 2559 1083 2625; x_wconf 90' lang='lat' dir='ltr'><strong>llt</strong></span> <span class='ocrx_word' id='word_1_190' title='bbox 1100 2562 1359 2626; x_wconf 90' lang='lat' dir='ltr'><strong>commemoratio</strong></span> 
     </span>
     <span class='ocr_line' id='line_1_25' title="bbox 349 2644 1360 2733; baseline 0.003 -20"><span class='ocrx_word' id='word_1_191' title='bbox 349 2644 561 2733; x_wconf 76' lang='lat' dir='ltr'><strong>iuVesperiS,</strong></span> <span class='ocrx_word' id='word_1_192' title='bbox 584 2648 745 2728; x_wconf 81' lang='lat' dir='ltr'><strong>Laudibus</strong></span> <span class='ocrx_word' id='word_1_193' title='bbox 769 2657 801 2715; x_wconf 92' lang='lat' dir='ltr'><strong>et</strong></span> <span class='ocrx_word' id='word_1_194' title='bbox 824 2649 919 2714; x_wconf 87' lang='lat' dir='ltr'><strong>Missa</strong></span> <span class='ocrx_word' id='word_1_195' title='bbox 943 2669 1015 2715; x_wconf 91' lang='lat' dir='ltr'><strong>eum</strong></span> <span class='ocrx_word' id='word_1_196' title='bbox 1039 2649 1108 2733; x_wconf 84' lang='lat' dir='ltr'><strong>ejus</strong></span> <span class='ocrx_word' id='word_1_197' title='bbox 1132 2648 1303 2733; x_wconf 80' lang='lat' dir='ltr'><strong>Evangelio</strong></span> <span class='ocrx_word' id='word_1_198' title='bbox 1328 2650 1360 2716; x_wconf 91' lang='lat' dir='ltr'><strong>in</strong></span> 
     </span>
     <span class='ocr_line' id='line_1_26' title="bbox 347 2731 1359 2823; baseline 0.001 -22"><span class='ocrx_word' id='word_1_199' title='bbox 347 2731 410 2801; x_wconf 85' lang='lat' dir='ltr'><strong>ine.</strong></span> <span class='ocrx_word' id='word_1_200' title='bbox 434 2737 513 2803; x_wconf 81' lang='lat' dir='ltr'><strong>llum</strong></span> <span class='ocrx_word' id='word_1_201' title='bbox 536 2738 666 2804; x_wconf 81' lang='lat' dir='ltr'><strong>Festum</strong></span> <span class='ocrx_word' id='word_1_202' title='bbox 688 2737 774 2804; x_wconf 88' lang='lat' dir='ltr'><strong>istud</strong></span> <span class='ocrx_word' id='word_1_203' title='bbox 798 2738 939 2804; x_wconf 88' lang='lat' dir='ltr'><strong>occurrit</strong></span> <span class='ocrx_word' id='word_1_204' title='bbox 962 2738 994 2801; x_wconf 91' lang='lat' dir='ltr'><strong>in</strong></span> <span class='ocrx_word' id='word_1_205' title='bbox 1018 2737 1109 2803; x_wconf 91' lang='lat' dir='ltr'><strong>Feria</strong></span> <span class='ocrx_word' id='word_1_206' title='bbox 1133 2746 1246 2823; x_wconf 88' lang='lat' dir='ltr'><strong>quarta</strong></span> <span class='ocrx_word' id='word_1_207' title='bbox 1271 2737 1359 2802; x_wconf 87' lang='lat' dir='ltr'><strong>Cine-</strong></span> 
     </span>
     <span class='ocr_line' id='line_1_27' title="bbox 346 2825 1355 2914; baseline 0.003 -24"><span class='ocrx_word' id='word_1_208' title='bbox 346 2839 421 2901; x_wconf 89' lang='lat' dir='ltr'><strong>mm,</strong></span> <span class='ocrx_word' id='word_1_209' title='bbox 445 2827 551 2911; x_wconf 87' lang='lat' dir='ltr'><strong>quoad</strong></span> <span class='ocrx_word' id='word_1_210' title='bbox 573 2825 720 2893; x_wconf 85' lang='lat' dir='ltr'><strong>Officium</strong></span> <span class='ocrx_word' id='word_1_211' title='bbox 736 2835 768 2893; x_wconf 87' lang='lat' dir='ltr'><strong>et</strong></span> <span class='ocrx_word' id='word_1_212' title='bbox 782 2827 912 2893; x_wconf 88' lang='lat' dir='ltr'><strong>llissam</strong></span> <span class='ocrx_word' id='word_1_213' title='bbox 935 2827 967 2892; x_wconf 89' lang='lat' dir='ltr'><strong>io</strong></span> <span class='ocrx_word' id='word_1_214' title='bbox 991 2826 1073 2893; x_wconf 89' lang='lat' dir='ltr'><strong>diem</strong></span> <span class='ocrx_word' id='word_1_215' title='bbox 1097 2827 1275 2914; x_wconf 87' lang='lat' dir='ltr'><strong>proximam</strong></span> <span class='ocrx_word' id='word_1_216' title='bbox 1292 2847 1355 2893; x_wconf 91' lang='lat' dir='ltr'><strong>non</strong></span> 
     </span>
     <span class='ocr_line' id='line_1_28' title="bbox 345 2910 1329 2999; baseline 0.001 -20"><span class='ocrx_word' id='word_1_217' title='bbox 345 2910 524 2999; x_wconf 88' lang='lat' dir='ltr'><strong>impeditam</strong></span> <span class='ocrx_word' id='word_1_218' title='bbox 547 2914 753 2982; x_wconf 84' lang='lat' dir='ltr'><strong>transfertur.</strong></span> <span class='ocrx_word' id='word_1_219' title='bbox 1326 2957 1329 2963; x_wconf 87' lang='lat'><em>-</em></span> 
     </span>
    </p>

    <p class='ocr_par' dir='ltr' id='par_1_6' title="bbox 337 3002 1360 3269">
     <span class='ocr_line' id='line_1_29' title="bbox 381 3002 1359 3081; baseline 0.003 -15"><span class='ocrx_word' id='word_1_220' title='bbox 381 3002 419 3068; x_wconf 90' lang='lat' dir='ltr'><strong>ll.</strong></span> <span class='ocrx_word' id='word_1_221' title='bbox 445 3004 536 3070; x_wconf 84' lang='lat' dir='ltr'><strong>Anno</strong></span> <span class='ocrx_word' id='word_1_222' title='bbox 559 3004 740 3081; x_wconf 83' lang='lat' dir='ltr'><strong>bissextili,</strong></span> <span class='ocrx_word' id='word_1_223' title='bbox 767 3003 882 3081; x_wconf 90' lang='lat' dir='ltr'><strong>bodie,</strong></span> <span class='ocrx_word' id='word_1_224' title='bbox 914 3004 975 3069; x_wconf 91' lang='lat' dir='ltr'><strong>nisi</strong></span> <span class='ocrx_word' id='word_1_225' title='bbox 999 3012 1148 3070; x_wconf 89' lang='lat' dir='ltr'><strong>occurrat</strong></span> <span class='ocrx_word' id='word_1_226' title='bbox 1171 3004 1359 3081; x_wconf 86' lang='lat' dir='ltr'><strong>Dominica,</strong></span> 
     </span>
     <span class='ocr_line' id='line_1_30' title="bbox 340 3091 1360 3185; baseline 0.003 -30"><span class='ocrx_word' id='word_1_227' title='bbox 340 3092 444 3185; x_wconf 81' lang='lat' dir='ltr'><strong>agitur</strong></span> <span class='ocrx_word' id='word_1_228' title='bbox 459 3091 572 3178; x_wconf 86' lang='lat' dir='ltr'><strong>Vigilia</strong></span> <span class='ocrx_word' id='word_1_229' title='bbox 596 3092 628 3158; x_wconf 89' lang='lat' dir='ltr'><strong>S.</strong></span> <span class='ocrx_word' id='word_1_230' title='bbox 645 3092 780 3159; x_wconf 86' lang='lat' dir='ltr'><strong>llathiee.</strong></span> <span class='ocrx_word' id='word_1_231' title='bbox 801 3093 975 3179; x_wconf 87' lang='lat' dir='ltr'><strong>Propterea</strong></span> <span class='ocrx_word' id='word_1_232' title='bbox 999 3095 1024 3158; x_wconf 94' lang='lat' dir='ltr'><strong>si</strong></span> <span class='ocrx_word' id='word_1_233' title='bbox 1048 3094 1172 3159; x_wconf 92' lang='lat' dir='ltr'><strong>nullum</strong></span> <span class='ocrx_word' id='word_1_234' title='bbox 1196 3094 1280 3160; x_wconf 82' lang='lat' dir='ltr'><strong>atlsit</strong></span> <span class='ocrx_word' id='word_1_235' title='bbox 1303 3093 1360 3159; x_wconf 90' lang='lat' dir='ltr'><strong>Fe·</strong></span> 
     </span>
     <span class='ocr_line' id='line_1_31' title="bbox 337 3180 1355 3269; baseline 0.001 -23"><span class='ocrx_word' id='word_1_236' title='bbox 337 3189 423 3246; x_wconf 85' lang='lat' dir='ltr'><strong>etnm</strong></span> <span class='ocrx_word' id='word_1_237' title='bbox 446 3180 506 3248; x_wconf 88' lang='lat' dir='ltr'><strong>bac</strong></span> <span class='ocrx_word' id='word_1_238' title='bbox 530 3181 580 3247; x_wconf 89' lang='lat' dir='ltr'><strong>die</strong></span> <span class='ocrx_word' id='word_1_239' title='bbox 603 3181 832 3269; x_wconf 89' lang='lat' dir='ltr'><strong>reponendum,</strong></span> <span class='ocrx_word' id='word_1_240' title='bbox 850 3191 882 3247; x_wconf 91' lang='lat' dir='ltr'><strong>et</strong></span> <span class='ocrx_word' id='word_1_241' title='bbox 905 3181 1041 3248; x_wconf 88' lang='lat' dir='ltr'><strong>necdum</strong></span> <span class='ocrx_word' id='word_1_242' title='bbox 1065 3183 1197 3269; x_wconf 77' lang='lat' dir='ltr'><strong>coeperit</strong></span> <span class='ocrx_word' id='word_1_243' title='bbox 1213 3180 1355 3262; x_wconf 83' lang='lat' dir='ltr'><strong>Quadra·</strong></span> 
     </span>
    </p>
   </div>
   <div class='ocr_carea' id='block_1_3' title="bbox 335 3268 1479 3355">
    <p class='ocr_par' dir='ltr' id='par_1_7' title="bbox 335 3268 1479 3355">
     <span class='ocr_line' id='line_1_32' title="bbox 335 3268 1479 3355; baseline 0 -20"><span class='ocrx_word' id='word_1_244' title='bbox 335 3270 469 3354; x_wconf 77' lang='lat' dir='ltr'><strong>gesimo,</strong></span> <span class='ocrx_word' id='word_1_245' title='bbox 493 3268 638 3336; x_wconf 82' lang='lat' dir='ltr'><strong>Officium</strong></span> <span class='ocrx_word' id='word_1_246' title='bbox 662 3270 701 3336; x_wconf 89' lang='lat' dir='ltr'><strong>de</strong></span> <span class='ocrx_word' id='word_1_247' title='bbox 723 3270 837 3355; x_wconf 79' lang='lat' dir='ltr'><strong>Vigilia</strong></span> <span class='ocrx_word' id='word_1_248' title='bbox 862 3270 897 3335; x_wconf 84' lang='lat' dir='ltr'><strong>lit</strong></span> <span class='ocrx_word' id='word_1_249' title='bbox 921 3291 958 3334; x_wconf 89' lang='lat' dir='ltr'><strong>ex</strong></span> <span class='ocrx_word' id='word_1_250' title='bbox 983 3269 1073 3335; x_wconf 88' lang='lat' dir='ltr'><strong>Feria</strong></span> <span class='ocrx_word' id='word_1_251' title='bbox 1098 3279 1299 3346; x_wconf 89' lang='lat' dir='ltr'><strong>occurrente,</strong></span> <span class='ocrx_word' id='word_1_252' title='bbox 1324 3279 1359 3335; x_wconf 89' lang='lat' dir='ltr'><strong>ut</strong></span> <span class='ocrx_word' id='word_1_253' title='bbox 1477 3337 1479 3342; x_wconf 43' lang='grc'><strong>.</strong></span> 
     </span>
    </p>
   </div>
   <div class='ocr_carea' id='block_1_4' title="bbox 327 3358 1359 4158">
    <p class='ocr_par' dir='ltr' id='par_1_8' title="bbox 327 3358 1359 4158">
     <span class='ocr_line' id='line_1_33' title="bbox 333 3358 1359 3434; baseline -0.001 -10"><span class='ocrx_word' id='word_1_254' title='bbox 333 3360 367 3424; x_wconf 90' lang='lat' dir='ltr'><strong>iu</strong></span> <span class='ocrx_word' id='word_1_255' title='bbox 400 3358 579 3434; x_wconf 89' lang='lat' dir='ltr'><strong>Psalterio;</strong></span> <span class='ocrx_word' id='word_1_256' title='bbox 610 3359 776 3425; x_wconf 78' lang='lat' dir='ltr'><strong>Absolutio</strong></span> <span class='ocrx_word' id='word_1_257' title='bbox 801 3367 832 3424; x_wconf 89' lang='lat' dir='ltr'><strong>el</strong></span> <span class='ocrx_word' id='word_1_258' title='bbox 854 3358 1097 3424; x_wconf 81' lang='lat' dir='ltr'><strong>benedictiones</strong></span> <span class='ocrx_word' id='word_1_259' title='bbox 1128 3367 1299 3424; x_wconf 85' lang='lat' dir='ltr'><strong>sumuntur</strong></span> <span class='ocrx_word' id='word_1_260' title='bbox 1322 3366 1359 3423; x_wconf 90' lang='lat' dir='ltr'><strong>ut</strong></span> 
     </span>
     <span class='ocr_line' id='line_1_34' title="bbox 331 3445 1359 3534; baseline -0.001 -21"><span class='ocrx_word' id='word_1_261' title='bbox 331 3467 435 3534; x_wconf 85' lang='lat' dir='ltr'><strong>supra</strong></span> <span class='ocrx_word' id='word_1_262' title='bbox 457 3467 488 3512; x_wconf 89' lang='lat' dir='ltr'><strong>n.</strong></span> <span class='ocrx_word' id='word_1_263' title='bbox 514 3448 553 3513; x_wconf 84' lang='grc'><strong>15</strong></span> <span class='ocrx_word' id='word_1_264' title='bbox 578 3457 650 3533; x_wconf 93' lang='lat' dir='ltr'><strong>post</strong></span> <span class='ocrx_word' id='word_1_265' title='bbox 673 3448 904 3534; x_wconf 76' lang='lat' dir='ltr'><strong>Epiphanian13</strong></span> <span class='ocrx_word' id='word_1_266' title='bbox 929 3455 994 3512; x_wconf 92' lang='lat' dir='ltr'><strong>tres</strong></span> <span class='ocrx_word' id='word_1_267' title='bbox 1018 3445 1183 3512; x_wconf 82' lang='lat' dir='ltr'><strong>lectiones</strong></span> <span class='ocrx_word' id='word_1_268' title='bbox 1208 3447 1359 3530; x_wconf 85' lang='lat' dir='ltr'><strong>leguntur</strong></span> 
     </span>
     <span class='ocr_line' id='line_1_35' title="bbox 331 3533 1355 3622; baseline -0.001 -20"><span class='ocrx_word' id='word_1_269' title='bbox 331 3535 374 3602; x_wconf 88' lang='lat' dir='ltr'><strong>de</strong></span> <span class='ocrx_word' id='word_1_270' title='bbox 399 3535 530 3601; x_wconf 88' lang='lat' dir='ltr'><strong>homilia</strong></span> <span class='ocrx_word' id='word_1_271' title='bbox 553 3537 585 3602; x_wconf 89' lang='lat' dir='ltr'><strong>in</strong></span> <span class='ocrx_word' id='word_1_272' title='bbox 608 3535 814 3622; x_wconf 79' lang='lat' dir='ltr'><strong>Evangelium</strong></span> <span class='ocrx_word' id='word_1_273' title='bbox 836 3535 971 3621; x_wconf 76' lang='lat' dir='ltr'><strong>vigiliae,</strong></span> <span class='ocrx_word' id='word_1_274' title='bbox 996 3555 1068 3601; x_wconf 90' lang='lat' dir='ltr'><strong>oum</strong></span> <span class='ocrx_word' id='word_1_275' title='bbox 1092 3533 1241 3602; x_wconf 85' lang='lat' dir='ltr'><strong>Oratione</strong></span> <span class='ocrx_word' id='word_1_276' title='bbox 1265 3543 1300 3600; x_wconf 93' lang='lat' dir='ltr'><strong>ut</strong></span> <span class='ocrx_word' id='word_1_277' title='bbox 1324 3536 1355 3601; x_wconf 90' lang='lat' dir='ltr'><strong>in</strong></span> 
     </span>
     <span class='ocr_line' id='line_1_36' title="bbox 330 3622 1356 3712; baseline -0.003 -21"><span class='ocrx_word' id='word_1_278' title='bbox 330 3624 520 3698; x_wconf 73' lang='lat' dir='ltr'><strong>breviario:</strong></span> <span class='ocrx_word' id='word_1_279' title='bbox 546 3626 606 3690; x_wconf 87' lang='lat' dir='ltr'><strong>tria</strong></span> <span class='ocrx_word' id='word_1_280' title='bbox 634 3625 685 3712; x_wconf 70' lang='lat' dir='ltr'><strong>riri.</strong></span> <span class='ocrx_word' id='word_1_281' title='bbox 710 3628 785 3691; x_wconf 90' lang='lat' dir='ltr'><strong>item</strong></span> <span class='ocrx_word' id='word_1_282' title='bbox 809 3632 884 3690; x_wconf 90' lang='lat' dir='ltr'><strong>sunt</strong></span> <span class='ocrx_word' id='word_1_283' title='bbox 915 3624 953 3690; x_wconf 91' lang='lat' dir='ltr'><strong>de</strong></span> <span class='ocrx_word' id='word_1_284' title='bbox 975 3623 1068 3690; x_wconf 90' lang='lat' dir='ltr'><strong>Feria</strong></span> <span class='ocrx_word' id='word_1_285' title='bbox 1096 3624 1207 3689; x_wconf 92' lang='lat' dir='ltr'><strong>ordine</strong></span> <span class='ocrx_word' id='word_1_286' title='bbox 1238 3623 1270 3689; x_wconf 90' lang='lat' dir='ltr'><strong>in</strong></span> <span class='ocrx_word' id='word_1_287' title='bbox 1295 3622 1356 3689; x_wconf 84' lang='lat' dir='ltr'><strong>llu-</strong></span> 
     </span>
     <span class='ocr_line' id='line_1_37' title="bbox 329 3711 1357 3799; baseline -0.002 -19"><span class='ocrx_word' id='word_1_288' title='bbox 329 3713 425 3780; x_wconf 88' lang='lat' dir='ltr'><strong>briea</strong></span> <span class='ocrx_word' id='word_1_289' title='bbox 449 3714 497 3778; x_wconf 87' lang='lat' dir='ltr'><strong>tit.</strong></span> <span class='ocrx_word' id='word_1_290' title='bbox 521 3712 635 3779; x_wconf 83' lang='lat' dir='ltr'><strong>llllVll</strong></span> <span class='ocrx_word' id='word_1_291' title='bbox 665 3735 695 3780; x_wconf 88' lang='lat' dir='ltr'><strong>n.</strong></span> <span class='ocrx_word' id='word_1_292' title='bbox 720 3717 739 3780; x_wconf 86' lang='lat'>5</span> <span class='ocrx_word' id='word_1_293' title='bbox 763 3722 795 3781; x_wconf 86' lang='lat' dir='ltr'><strong>et</strong></span> <span class='ocrx_word' id='word_1_294' title='bbox 819 3715 837 3780; x_wconf 92' lang='grc'><strong>7</strong></span> <span class='ocrx_word' id='word_1_295' title='bbox 861 3713 1073 3799; x_wconf 88' lang='lat' dir='ltr'><strong>praeseripto;</strong></span> <span class='ocrx_word' id='word_1_296' title='bbox 1105 3733 1142 3778; x_wconf 88' lang='lat' dir='ltr'><strong>ac</strong></span> <span class='ocrx_word' id='word_1_297' title='bbox 1174 3713 1289 3778; x_wconf 89' lang='lat' dir='ltr'><strong>Preces</strong></span> <span class='ocrx_word' id='word_1_298' title='bbox 1313 3711 1357 3778; x_wconf 89' lang='lat' dir='ltr'><strong>ie-</strong></span> 
     </span>
     <span class='ocr_line' id='line_1_38' title="bbox 329 3801 1358 3888; baseline -0.001 -19"><span class='ocrx_word' id='word_1_299' title='bbox 329 3803 434 3869; x_wconf 90' lang='lat' dir='ltr'><strong>riales</strong></span> <span class='ocrx_word' id='word_1_300' title='bbox 462 3801 655 3888; x_wconf 86' lang='lat' dir='ltr'><strong>adjiciuntur</strong></span> <span class='ocrx_word' id='word_1_301' title='bbox 685 3823 757 3869; x_wconf 87' lang='lat' dir='ltr'><strong>eum</strong></span> <span class='ocrx_word' id='word_1_302' title='bbox 788 3801 976 3886; x_wconf 81' lang='lat' dir='ltr'><strong>Suiiragiis,</strong></span> <span class='ocrx_word' id='word_1_303' title='bbox 1007 3801 1121 3887; x_wconf 89' lang='lat' dir='ltr'><strong>quibus</strong></span> <span class='ocrx_word' id='word_1_304' title='bbox 1151 3802 1358 3887; x_wconf 89' lang='lat' dir='ltr'><strong>praemittitur</strong></span> 
     </span>
     <span class='ocr_line' id='line_1_39' title="bbox 328 3889 1355 3975; baseline 0.001 -18"><span class='ocrx_word' id='word_1_305' title='bbox 328 3892 598 3958; x_wconf 88' lang='lat' dir='ltr'><strong>commemoratio</strong></span> <span class='ocrx_word' id='word_1_306' title='bbox 622 3892 742 3967; x_wconf 84' lang='lat' dir='ltr'><strong>Crucis,</strong></span> <span class='ocrx_word' id='word_1_307' title='bbox 766 3891 855 3957; x_wconf 82' lang='lat' dir='ltr'><strong>flexis</strong></span> <span class='ocrx_word' id='word_1_308' title='bbox 879 3889 1022 3975; x_wconf 81' lang='lat' dir='ltr'><strong>genibus.</strong></span> <span class='ocrx_word' id='word_1_309' title='bbox 1040 3890 1073 3956; x_wconf 86' lang='lat' dir='ltr'><strong>S.</strong></span> <span class='ocrx_word' id='word_1_310' title='bbox 1090 3890 1127 3956; x_wconf 82' lang='lat' dir='ltr'><strong>ll.</strong></span> <span class='ocrx_word' id='word_1_311' title='bbox 1147 3891 1178 3957; x_wconf 82' lang='lat'><strong>0.</strong></span> <span class='ocrx_word' id='word_1_312' title='bbox 1195 3890 1238 3958; x_wconf 69' lang='grc'><strong>19</strong></span> <span class='ocrx_word' id='word_1_313' title='bbox 1262 3891 1355 3958; x_wconf 83' lang='lat' dir='ltr'><strong>Mart.</strong></span> 
     </span>
     <span class='ocr_line' id='line_1_40' title="bbox 329 3978 1356 4067; baseline 0 -21"><span class='ocrx_word' id='word_1_314' title='bbox 329 3980 420 4046; x_wconf 80' lang='grc'><strong>11151</strong></span> <span class='ocrx_word' id='word_1_315' title='bbox 454 3980 486 4044; x_wconf 79' lang='lat' dir='ltr'><strong>in</strong></span> <span class='ocrx_word' id='word_1_316' title='bbox 507 3979 634 4047; x_wconf 80' lang='lat' dir='ltr'><strong>Adrieo.</strong></span> <span class='ocrx_word' id='word_1_317' title='bbox 658 3981 701 4046; x_wconf 81' lang='lat' dir='ltr'><strong>od</strong></span> <span class='ocrx_word' id='word_1_318' title='bbox 724 3982 753 4047; x_wconf 91' lang='lat' dir='ltr'><strong>l.</strong></span> <span class='ocrx_word' id='word_1_319' title='bbox 778 3980 812 4046; x_wconf 91' lang='lat' dir='ltr'><strong>Si</strong></span> <span class='ocrx_word' id='word_1_320' title='bbox 841 3981 945 4067; x_wconf 86' lang='lat' dir='ltr'><strong>prima</strong></span> <span class='ocrx_word' id='word_1_321' title='bbox 976 3978 1043 4045; x_wconf 88' lang='lat' dir='ltr'><strong>dies</strong></span> <span class='ocrx_word' id='word_1_322' title='bbox 1074 3980 1118 4046; x_wconf 89' lang='lat' dir='ltr'><strong>sit</strong></span> <span class='ocrx_word' id='word_1_323' title='bbox 1145 3979 1262 4049; x_wconf 83' lang='lat' dir='ltr'><strong>blancis</strong></span> <span class='ocrx_word' id='word_1_324' title='bbox 1292 4001 1356 4046; x_wconf 88' lang='lat' dir='ltr'><strong>non</strong></span> 
     </span>
     <span class='ocr_line' id='line_1_41' title="bbox 327 4066 1357 4158; baseline -0.003 -22"><span class='ocrx_word' id='word_1_325' title='bbox 327 4067 499 4158; x_wconf 83' lang='lat' dir='ltr'><strong>impedita,</strong></span> <span class='ocrx_word' id='word_1_326' title='bbox 518 4069 708 4138; x_wconf 85' lang='lat' dir='ltr'><strong>recitabitur</strong></span> <span class='ocrx_word' id='word_1_327' title='bbox 730 4067 875 4138; x_wconf 81' lang='lat' dir='ltr'><strong>Officium</strong></span> <span class='ocrx_word' id='word_1_328' title='bbox 896 4066 1124 4139; x_wconf 82' lang='lat' dir='ltr'><strong>llelunctorum</strong></span> <span class='ocrx_word' id='word_1_329' title='bbox 1147 4075 1207 4137; x_wconf 89' lang='lat' dir='ltr'><strong>etc.</strong></span> <span class='ocrx_word' id='word_1_330' title='bbox 1224 4070 1271 4137; x_wconf 90' lang='lat' dir='ltr'><strong>uti</strong></span> <span class='ocrx_word' id='word_1_331' title='bbox 1294 4068 1357 4136; x_wconf 87' lang='lat' dir='ltr'><strong>edi-</strong></span> 
     </span>
    </p>
   </div>
   <div class='ocr_carea' id='block_1_5' title="bbox 0 0 1746 4875">
    <p class='ocr_par' dir='ltr' id='par_1_9' title="bbox 0 0 1746 4875">
     <span class='ocr_line' id='line_1_42' title="bbox 0 0 1746 4875; baseline 0 6"><span class='ocrx_word' id='word_1_332' title='bbox 0 0 1746 4875; x_wconf 95' lang='lat' dir='ltr'><strong> </strong></span> 
     </span>
    </p>
   </div>
  </div>
 </body>
</html>
