3484 4875
364 456 429 526 too
604 473 826 523 nononnrrorns
843 474 874 521 m
889 474 980 522 rnsm
995 474 1156 523 rossoton
1282 439 1288 454 ⁸

385 584 490 651 ximus
513 602 541 650 c.
563 583 582 648 7
606 603 637 649 n.
656 584 675 647 5
699 590 731 648 et
754 604 782 648 c.
806 580 825 647 b
849 602 881 646 n.
897 579 951 647 25.
974 580 1079 648 Porro
1101 582 1136 648 in
1157 579 1231 663 Qua
1274 581 1328 669 tf

385 681 490 740 totum
512 670 658 739 Officium
681 672 742 736 erit
765 670 804 736 de
826 668 929 747 Furia,
953 677 984 736 et
1008 670 1090 738 nibil
1112 672 1145 737 in
1168 690 1205 738 eo
1225 672 1259 738 do
1272 668 1333 748 bs
1368 701 1369 705 ¹

385 770 508 845 agetur.
532 760 638 837 blissa,
661 766 750 825 extra
773 757 1080 843 Quadrupesimam,
1103 768 1156 826 est
1177 758 1216 827 de
1234 759 1301 826 boio
1371 807 1374 818 .

385 850 507 936 Vigilirc
531 850 623 915 nnius
646 848 811 935 Apostoli,
835 847 925 914 color
947 847 1126 925 violaceus,
1149 849 1172 915 b
1194 847 1287 916 brutio

389 938 472 1015 cede,
496 938 515 1003 5
538 936 682 1003 Focleuoe
704 937 753 1002 vel
776 954 834 1022 pro
857 936 961 1023 Papa,
985 934 1136 1008 Praelatio
1160 938 1321 1006 cummno's·
1371 973 1375 996 .

388 1025 637 1111 Quadragesima
667 1032 773 1091 autem
803 1023 864 1090 erit
887 1024 926 1090 de
954 1024 1047 1091 Furia
1071 1046 1146 1093 cum
1169 1026 1311 1112 vigilior
1367 1064 1373 1071 -

386 1116 627 1191 memoratione,
650 1114 770 1199 absque
794 1112 887 1198 hujus
910 1112 1082 1198 Evangelio
1106 1116 1138 1181 in
1162 1114 1234 1182 flue.
1337 1120 1339 1136 ‘

429 1206 482 1273 lll.
507 1204 541 1271 st
564 1203 677 1289 Vigilia
699 1200 732 1267 S.
756 1200 881 1268 llatbiae
911 1211 1081 1279 occurrat,
1106 1205 1238 1292 ejusque
1256 1201 1278 1271 0
1295 1202 1323 1260 ³«

384 1303 499 1381 agatur
521 1296 552 1360 in
575 1292 666 1359 Feria
690 1291 784 1356 tertia
807 1296 881 1377 post
903 1288 1102 1357 bominioam
1118 1290 1312 1381 Quinqoo,'
1369 1321 1375 1328 ·

384 1404 482 1469 quum
513 1383 574 1447 boc
604 1382 637 1448 in
666 1399 742 1445 casu
765 1379 895 1445 Festum
926 1378 959 1445 S,
981 1378 1109 1447 Matbiae
1133 1389 1302 1468 oporteat·

386 1471 481 1549 terri,
503 1471 652 1557 Vespera
675 1476 769 1534 erunt
792 1466 830 1533 de
852 1467 944 1534 Ferio
968 1469 1113 1535 currenti
1135 1479 1173 1536 nt
1193 1472 1227 1537 in
1248 1470 1329 1536 rou

385 1581 459 1628 cum
480 1558 632 1626 Precibus
655 1556 818 1623 ferialibus
841 1564 874 1622 et
897 1554 1073 1641 Subragiis,
1098 1565 1255 1647 utsupra
1273 1580 1299 1625 n
1317 1587 1335 1613 o

386 1649 521 1722 cedenti;
538 1646 647 1714 Oratio
671 1654 776 1712 autem
801 1644 840 1711 de
857 1644 1020 1711 bominioa
1043 1646 1192 1732 proxime
1207 1649 1311 1735 elapsa,

385 1758 462 1803 vero
489 1736 529 1801 do
550 1735 663 1819 Vigilia
688 1734 809 1821 (liubr.
834 1734 880 1799 tit.
905 1733 948 1799 dl
969 1756 999 1798 o.
1025 1733 1084 1822 5),
1108 1755 1214 1821 neque
1243 1736 1279 1803 de
1309 1742 1328 1784 ’r

387 1833 500 1911 quarta
522 1824 692 1899 binorum,
719 1823 793 1908 quia
816 1821 910 1909 bujus
933 1820 1079 1889 Officium
1102 1824 1257 1912 incipito

386 1934 440 1980 nu.
463 1913 560 1979 bobr.
584 1912 630 1978 tit.
655 1913 674 1977 5
697 1933 727 1975 o.
751 1910 782 1976 b.
1338 1923 1344 1968 ε

428 2002 479 2068 tv.
502 2003 593 2068 Anno
616 2000 775 2066 bissextili
798 1999 831 2065 in
853 1998 1079 2088 llartyrologio
1103 1999 1201 2068 bodie
1223 2002 1320 2068 iterun
1349 2010 1350 2015 ’

386 2091 489 2157 citur:
520 2091 614 2157 Sexto
637 2087 792 2155 Kalendas
822 2084 931 2153 Martii
951 2087 1040 2153 Lucu
1043 2137 1097 2154 .....
1122 2089 1262 2176 (cadem
1291 2118 1315 2145 o

389 2200 427 2246 ac
449 2178 552 2267 heri),
569 2177 682 2245 deinde
704 2177 741 2243 la
763 2175 877 2242 Judaeu
899 2183 960 2242 etc.
979 2184 1013 2242 ut
1035 2178 1068 2242 in
1090 2178 1162 2264 ipso
1178 2179 1271 2245 Mar·
1297 2160 1352 2234 ¹¹7j

386 2268 436 2335 die
458 2269 511 2335 tl.
535 2269 592 2334 bie
614 2274 720 2333 autem
737 2266 779 2331 ‘25
796 2265 945 2349 leguntur
965 2261 1061 2331 Festa
1084 2264 1247 2355 descripta
1260 2266 1308 2334 snb
1336 2297 1337 2304 ¹

386 2357 438 2423 dic
452 2357 507 2435 25,
524 2364 687 2444 tamquam
704 2353 895 2421 celebranda
918 2352 969 2419 die
991 2353 1044 2432 bb,
1061 2373 1099 2421 ac
1122 2356 1167 2422 ita
1190 2375 1283 2444 porro
1334 2381 1353 2431 ¹,

386 2447 427 2513 ad
449 2447 544 2514 linem
574 2446 701 2512 llensis.
725 2443 893 2510 Festorum
917 2443 1023 2520 enim,
1055 2464 1126 2531 quat
1149 2447 1183 2511 in
1206 2465 1284 2512 anno

385 2537 473 2603 muni
497 2541 671 2602 occurrunt
693 2534 742 2600 vel
764 2533 825 2599 lixa
848 2539 923 2598 sunt
947 2531 1057 2598 diebus
1080 2532 1135 2609 bd,
1158 2534 1214 2613 25,
1229 2534 1279 2611 bb,
1296 2530 1347 2599 bl¹¹

385 2624 427 2690 bb
451 2624 627 2701 Februarii,
651 2642 733 2689 anno
757 2621 916 2687 bissextili
939 2621 1060 2707 proprii
1083 2630 1159 2688 sunt
1182 2623 1252 2689 dies
1270 2622 1313 2697 bb,
1352 2641 1353 2644 ’

386 2713 440 2790 bl,
462 2713 505 2779 bb
530 2720 562 2777 et
583 2710 637 2778 ⁶29.
660 2712 692 2776 S.
716 2709 753 2776 b.
780 2710 812 2776 θ.
838 2710 854 2775 l
880 2708 974 2775 Mart.
1000 2709 1082 2775 lbbl
1107 2711 1142 2774 io
1164 2732 1229 2778 unu
1248 2709 1342 2786 brd·

387 2800 485 2866 ironic.
509 2800 582 2885 Rep.
606 2799 750 2864 Laterum.
774 2797 816 2863 od
839 2797 858 2864 6
891 2808 921 2864 et
951 2798 1046 2864 bobr.
1066 2799 1171 2887 pecul.
1194 2823 1225 2866 u.
1251 2799 1314 2867 lut
1338 2865 1340 2868 .

387 2888 616 2954 advertendum
639 2896 699 2963 cst,
717 2886 876 2974 duplicem
898 2907 981 2954 anno
1005 2887 1163 2953 bissextili
1187 2889 1314 2956 litteram

387 2977 567 3043 minicalem
594 2976 766 3061 assignari,
793 2997 831 3042 ac
853 2977 1005 3063 priorem,
1033 2996 1104 3061 quae
1127 2995 1238 3044 mense
1259 2977 1323 3043 Jan
1344 2978 1352 2985 ”

389 3074 553 3150 assumpta
576 3074 646 3140 est,
677 3066 709 3130 in
736 3064 833 3130 aliam
855 3065 1065 3150 posteriorem
1097 3068 1216 3131 mutari
1241 3087 1259 3132 a
1281 3050 1358 3132 dist

388 3154 554 3220 Februarii
576 3154 729 3221 inclusive
753 3173 853 3239 usque
877 3153 916 3220 ad
940 3153 1014 3220 anni
1036 3152 1167 3230 exitum,
1181 3155 1271 3241 juxta
1292 3142 1361 3219 tob

390 3245 455 3310 lam
480 3263 548 3330 cap.
566 3243 582 3307 l
602 3243 671 3308 nb
694 3250 867 3318 exaratam,
891 3243 941 3308 vel
962 3244 995 3308 in
1019 3240 1263 3327 praecedentem,
1284 3239 1366 3309 ratio!

388 3333 539 3400 nimirum
562 3331 671 3398 habita
693 3331 873 3397 litterarum
896 3330 1149 3406 bominicalium,
1167 3340 1264 3417 prout
1278 3325 1368 3398 inlbr

389 3443 441 3489 ses
465 3421 608 3506 singulus
639 3419 894 3485 distribuuntur:
920 3420 1038 3485 idcirco
1062 3419 1089 3484 si
1122 3419 1155 3485 in
1179 3419 1324 3487 lanuario
1339 3413 1369 3481 lit·

390 3519 460 3577 tera
482 3509 542 3577 luit
564 3508 602 3587 F,
625 3529 644 3574 a
667 3507 717 3574 die
740 3508 782 3574 bb
807 3506 971 3575 Februarii
995 3506 1204 3593 usurpabitur
1226 3510 1262 3576 F.
1386 3532 1389 3591 r

348 3600 401 3666 ³25.
425 3635 470 3649 -
491 3599 515 3664 l.
539 3597 576 3664 ln
599 3617 682 3664 anno
699 3595 876 3673 Communi,
891 3596 976 3684 apud
992 3615 1050 3662 uos
1073 3595 1147 3683 (nisi
1166 3598 1288 3665 incidat
1301 3587 1374 3664 mni

390 3686 488 3772 nica)
511 3686 546 3753 fit
569 3685 608 3753 de
630 3685 665 3751 b.
689 3683 878 3752 Sebastiano
911 3686 950 3752 ab
974 3685 1150 3772 Apparitio.
1181 3687 1276 3754 Anno
1303 3690 1379 3754 anuo

389 3774 549 3841 bissextili
565 3775 694 3841 Festum
717 3774 824 3860 agitur
838 3771 871 3840 S.
889 3773 1024 3850 blatbiae,
1048 3774 1144 3840 etiam
1160 3776 1269 3861 quoad
1283 3775 1382 3844 Foru·

392 3861 447 3927 ubi
477 3863 562 3948 viget
583 3870 801 3949 praeoeptnm;
830 3863 970 3949 itemque
1001 3861 1055 3930 ubi
1085 3869 1135 3930 est
1158 3863 1280 3952 duplex
1299 3862 1384 3953 prim

391 3949 522 4026 classis,
545 3952 651 4036 agitur
673 3952 769 4017 etiam
791 3951 824 4017 in
847 3971 983 4019 occursu
1006 3951 1181 4019 bominioa
1204 3951 1387 4041 privileguu

392 4037 539 4108 secunda
562 4039 685 4118 classis,
701 4040 776 4125 quia
797 4059 880 4109 anno
896 4040 1056 4111 bissextili
1077 4040 1210 4110 Festum
1236 4042 1270 4113 S.
1287 4037 1389 4113 bauo
