3484 4875
371 487 413 554 54
564 509 657 554 earnr
674 507 707 554 rr.
725 508 763 553 nn
779 506 932 554 rnrnxarrs
948 505 1050 553 rnsrrs
1066 505 1207 552 noconnn
1232 487 1240 494 '

345 612 512 679 recitanda
536 621 610 679 suut
642 614 681 679 de
713 613 880 679 Communi
912 611 1128 691 Sanctorum,
1161 621 1258 699 prout
1284 611 1393 697 requirit

345 703 483 785 qualitas
507 701 617 767 Sancti
642 702 731 787 cujus
763 703 798 767 sn
830 700 987 768 Olliciuur.
1023 702 1117 767 lierbr.
1149 701 1251 789 pecul.
1276 700 1393 775 4141,

344 789 410 855 144
434 800 461 854 ct
487 791 549 855 445
574 813 611 855 oc
634 791 665 855 S.
691 790 726 855 ll.
754 791 785 855 C.
812 789 829 853 7
855 790 928 855 Dee.
955 790 1042 855 4444
1064 791 1096 855 iu
1123 789 1252 854 Celtica.
1282 788 1315 854 Si
1342 788 1393 853 due

343 875 512 944 Orationes
536 880 646 943 444110
672 878 839 942 Communi
863 877 980 953 adsint,
1005 880 1144 943 sumitur
1167 879 1273 962 prima
1295 878 1342 942 vel
1359 896 1393 941 se·

343 967 458 1042 cunda,
483 973 578 1052 prout
602 966 733 1030 homilia
757 986 795 1030 ex
812 966 915 1051 primo
933 977 988 1032 aut
1005 965 1146 1031 secundo
1164 966 1237 1030 loco
1253 966 1393 1029 recitatur.

342 1053 509 1119 Lectiones
535 1056 549 1119 4
577 1054 731 1119 Nocturni
756 1074 819 1119 non
852 1053 1003 1137 leguntur
1035 1054 1074 1118 de
1106 1052 1277 1138 Scriptura
1308 1070 1394 1117 occur·

341 1150 444 1218 rente,
468 1143 524 1207 sed
548 1142 587 1207 de
611 1143 778 1207 Communi
802 1162 840 1206 ex
864 1142 968 1227 primo
992 1150 1047 1207 aut
1063 1145 1207 1206 secundo
1226 1142 1306 1217 loco,
1322 1146 1396 1227 prout

342 1229 509 1295 Lectiones
533 1232 551 1295 5
575 1230 729 1295 Nocturni
754 1250 791 1294 ex
815 1231 919 1315 primo
944 1231 994 1295 vel
1018 1229 1159 1295 secundo
1185 1231 1257 1294 loeo
1282 1230 1396 1303 sint3er

343 1339 406 1403 qino
430 1320 514 1384 enirn
539 1320 610 1384 loco
634 1319 801 1383 Lectiones
827 1320 845 1382 5
870 1318 1026 1384 Nocturni
1049 1326 1236 1393 sumuntur,
1253 1337 1292 1382 ex
1308 1316 1397 1381 eoden

342 1407 375 1471 in
401 1408 416 1471 4
443 1408 606 1473 Nocturna
630 1406 794 1471 somerruae
818 1415 903 1472 sunt.
927 1407 958 1471 S.
984 1406 1020 1471 lt.
1048 1406 1080 1471 C.
1104 1405 1147 1469 ⁶25
1172 1404 1253 1491 Moj.
1280 1405 1359 1470 1445
1376 1404 1397 1466 in

340 1494 531 1560 Noruorcco.
556 1495 650 1560 4414.
676 1493 709 1559 Si
735 1515 809 1559 vero
833 1495 1001 1560 Lectiones
1026 1495 1044 1558 5
1068 1494 1227 1559 Nocturni
1260 1514 1323 1558 non
1351 1493 1397 1557 sint

343 1582 383 1647 de
406 1582 584 1660 Communi,
608 1584 720 1666 regula
744 1582 941 1648 desumenda
965 1583 1027 1647 erit
1051 1602 1089 1646 ex
1113 1580 1279 1658 Oratione,
1303 1579 1398 1666 queri

343 1671 385 1734 sit
402 1670 441 1734 de
458 1670 636 1746 Communi,
660 1671 780 1735 indicat
805 1679 912 1736 utrum
938 1672 1035 1735 etiarn
1059 1670 1229 1734 Lectiones
1253 1690 1291 1734 ex
1314 1669 1397 1755 prino

342 1765 397 1823 aut
420 1759 560 1824 secundo
585 1760 655 1825 loco
680 1761 744 1823 sint
767 1759 950 1824 recitandae.
976 1760 1007 1823 S.
1032 1758 1068 1822 R.
1097 1757 1128 1822 0.
1154 1758 1192 1822 44
1221 1758 1307 1845 Sept.
1332 1755 1396 1821 1441

340 1847 374 1910 in
396 1847 585 1912 Ncrnurccn.
610 1847 651 1911 od
676 1848 705 1911 7.
732 1846 824 1925 Quod
854 1849 881 1912 si
914 1867 1018 1932 neque
1049 1846 1282 1929 Evangelium,
1315 1862 1399 1928 neque

343 1933 453 2001 Oratio
478 1938 520 2001 sit
545 1936 583 2001 de
608 1936 786 2012 Communi,
810 1936 978 2001 Lectiones
1005 1935 1019 1998 4
1046 1934 1202 2000 Nocturni
1228 1934 1399 2019 semipote-

342 2031 419 2087 runt
443 2046 480 2089 ex
504 2025 608 2110 primo
625 2026 674 2088 vel
692 2024 832 2088 secundo
850 2025 932 2100 loco,
951 2032 1047 2109 prout
1064 2022 1157 2087 Nesto
1175 2021 1207 2085 id
1227 2022 1329 2105 inagis
1345 2040 1401 2085 con·

342 2113 450 2176 venire
473 2113 642 2177 videbitur.
666 2112 762 2177 liubr.
784 2113 888 2199 pecul.
913 2135 943 2176 4.
969 2112 1032 2175 llll
1057 2120 1086 2175 ct
1111 2111 1184 2174 474.
1209 2106 1400 2173 1441400044

341 2199 495 2265 Nocturni
521 2201 671 2284 leguntur
695 2221 732 2264 ex
749 2201 861 2264 eodem
879 2202 961 2274 loco,
986 2220 1024 2265 ex
1048 2218 1110 2283 quo
1128 2198 1298 2263 Lectiones
1320 2198 1334 2260 4
1354 2195 1401 2261 No·

344 2290 451 2354 cturni
473 2290 565 2354 lectae
589 2297 673 2354 sunt.
697 2288 732 2352 ln
758 2289 776 2352 5
801 2289 964 2354 Nocturno
988 2288 1155 2352 Lectiones
1179 2287 1356 2350 recitantur
1375 2303 1403 2347 ex
1440 2339 1442 2362 ,

343 2378 448 2464 primo
472 2379 522 2444 vel
546 2377 686 2443 secundo
712 2378 782 2442 loeo
807 2377 846 2442 de
870 2376 1060 2453 Communi,
1085 2381 1182 2461 prout
1206 2375 1310 2459 magis
1342 2392 1402 2437 con·
1440 2367 1442 2410 ¹

342 2468 506 2532 venientes
531 2466 625 2532 Festo
650 2467 808 2531 videntur.
836 2465 940 2531 Coeol.
960 2475 1000 2529 to.
1019 2465 1034 2528 4
1056 2487 1081 2528 c.
1101 2463 1403 2528 54144444

249 2629 252 2636 ¹
344 2575 431 2626 vero,
450 2557 477 2620 si
500 2557 531 2620 in
557 2555 675 2620 Missali
701 2554 837 2630 deliniat,
861 2574 920 2618 nee
937 2553 1143 2638 particularis
1169 2571 1227 2636 pro
1253 2553 1308 2616 illo
1332 2551 1403 2614 Loco

342 2644 392 2708 vel
417 2643 559 2708 Ecclesia
585 2641 609 2707 a'
626 2642 659 2709 S.
685 2642 766 2708 Sede
790 2642 968 2728 approbata
993 2641 1171 2715 habeatur,
1189 2639 1333 2704 dicenda
1355 2636 1405 2702 erit

347 2731 386 2794 dc
411 2731 598 2805 Communi,
635 2731 690 2795 ubi
719 2731 927 2815 Evangeliunr
953 2735 1107 2795 consonet
1131 2729 1272 2793 homiliae
1296 2725 1406 2796 officie,

346 2816 602 2903 nisipraelatum
627 2817 834 2903 Evangelium
871 2820 911 2884 ad
947 2818 1043 2883 aliam
1073 2824 1200 2903 spectet
1230 2817 1408 2901 qualitatem

345 2903 550 2981 Sanctorum,
568 2909 713 2992 quamuis
730 2909 889 2993 pertineat
906 2907 946 2971 ad
962 2907 1047 2971 idern
1065 2905 1252 2980 Commune,
1271 2913 1307 2970 ut
1323 2925 1350 2968 r.
1368 2920 1407 2986 gr.

346 2996 451 3060 evcnit
467 2995 498 3059 in
517 2995 621 3060 Missis
638 2997 731 3060 urrius
748 2997 897 3082 Martyris
913 2995 1076 3060 Pontitieis
1093 2993 1143 3058 vel
1161 3013 1226 3057 non
1241 2991 1407 3060 Pontitieis

346 3083 419 3167 quia
445 3091 520 3149 tunc
536 3091 660 3149 retento
677 3085 848 3168 Evangelio
865 3084 1005 3148 homiliae
1022 3080 1248 3168 respondente,
1274 3088 1409 3147 sumetur

343 3423 510 3498 obtineant,
531 3423 567 3485 ab
588 3424 650 3504 ejus
672 3419 764 3483 (114444
797 3418 965 3480 recitatione
998 3417 1160 3496 expressim
1182 3417 1245 3476 sore
1275 3420 1412 3480 exclusos.

342 3507 452 3564 Verum
474 3504 590 3583 quondo
612 3509 639 3563 S.
664 3505 805 3561 Patronus
827 3501 855 3558 in
879 3497 1065 3574 Regularium
1094 3496 1272 3557 Kalendario
1295 3517 1352 3560 non
1373 3515 1413 3558 re·

344 3583 478 3657 peritur,
510 3581 545 3642 iis
568 3584 610 3642 las
631 3590 675 3640 cst
696 3580 850 3639 adsumere
873 3577 1022 3638 Lectiones
1047 3576 1198 3637 historiens
1220 3578 1342 3637 secundi
1363 3580 1413 3638 No·

344 3659 437 3720 cturni
462 3679 514 3737 pro
530 3662 614 3721 Clcro
636 3661 701 3720 Loci
724 3659 909 3736 adprobator,
931 3657 1088 3716 dummodo
1104 3673 1254 3732 expresse,
1269 3657 1310 3716 nti
1328 3673 1414 3735 nuper

343 3737 502 3811 induimur,
525 3738 552 3799 in
574 3739 760 3800 concessione
782 3756 837 3797 non
860 3737 916 3796 siut
936 3737 1063 3812 excepti.
1087 3737 1337 3810 attramento.
1355 3738 1415 3798 lla.

343 3819 382 3876 Ut
402 3826 497 3876 autern
519 3837 535 3877 a
557 3819 750 3896 Regrriarihus
771 3816 947 3876 Kalendario
970 3815 1148 3875 Dioeeesano
1171 3814 1321 3875 utentibus
1337 3815 1414 3876 edhi-

343 3894 407 3958 ireri
429 3897 520 3972 possit
542 3897 675 3957 Officium
698 3897 851 3976 proprium
877 3897 1001 3966 Patroni,
1018 3892 1176 3973 requiritur
1192 3902 1303 3954 tantum
1320 3906 1351 3956 ut
1366 3893 1415 3972 ipsi

345 3977 374 4036 in
397 3975 474 4035 illius
496 3977 680 4037 concessione
712 3974 847 4055 explicite
881 3993 938 4034 non
972 3974 1176 4034 excludantur.
1209 3973 1236 4031 S.
1268 3975 1304 4034 ll,
1329 3978 1360 4036 c,
1383 3976 1416 4036 44

342 4056 416 4120 Noe.
440 4059 518 4121 laco
540 4060 571 4118 r'u
592 4075 651 4118 444
674 4057 916 4143 Conprcpotr'om‘s
936 4055 1180 4115 Bornodr'torum
1202 4053 1243 4113 ud
1265 4054 1293 4114 3.
