3484 4875
440 476 481 543 58
644 498 736 545 error
750 498 791 547 ru.
807 498 846 544 on
861 498 1078 546 raansmrroor
1093 498 1249 549 resroauu

416 605 502 671 tibus
525 612 599 671 sunt
621 607 748 673 omnino
778 607 937 692 aquales,
967 607 1017 673 vel
1046 609 1222 694 respective
1251 609 1332 676 nulli
1362 630 1458 677 eorum

418 695 617 761 conveniunt.
633 695 780 781 Alioquin
797 694 951 772 Officium,
968 696 1000 761 in
1024 714 1086 783 quo
1110 698 1216 783 aliqua
1234 718 1273 763 ex
1290 699 1462 766 anteeeden·

417 784 503 851 tibus
525 785 731 871 qualitatibus
753 784 856 870 major
879 785 972 861 inest,
995 785 1124 852 omuino
1148 784 1391 855 anteferendum
1414 797 1462 865 est,

349 891 352 895 “
418 880 708 960 quantumcumque
731 875 867 960 qualitas
891 873 1110 960 subsequens,
1141 876 1191 942 vel
1223 876 1462 963 subsequentes,

417 964 515 1029 etiarn
537 963 632 1029 simul
654 982 785 1039 omnes,
808 963 993 1050 praecellant
1015 963 1047 1028 in
1071 966 1172 1030 altero
1196 962 1324 1042 Ollieio,
1349 967 1462 1041 aliisae,
1506 947 1511 1012 ¹=

417 1053 450 1119 iu
473 1052 587 1139 quibus
610 1053 793 1139 praecedens
816 1053 871 1118 illa
895 1053 998 1117 minor
1021 1060 1080 1129 est,
1103 1056 1151 1119 vel
1175 1053 1275 1120 deest.
1300 1054 1354 1121 Sio
1375 1076 1404 1121 v.
1425 1074 1461 1140 gr.
1489 1077 1507 1090 ·

418 1141 551 1226 insignis
574 1141 712 1227 dignitas
734 1142 822 1207 nullo
845 1140 939 1206 modo
963 1141 1179 1227 perpenditur,
1196 1143 1257 1209 nisi
1278 1145 1410 1229 aequalis
1431 1146 1464 1209 sit

417 1231 499 1296 ritus
516 1238 548 1296 et
563 1232 685 1296 elassis.
709 1228 762 1295 Sie
783 1232 903 1316 pariter
920 1230 1130 1297 solemnitatis
1147 1232 1234 1297 nulla
1251 1235 1379 1317 penitus
1396 1233 1464 1297 ratio

418 1318 563 1396 babetur,
588 1320 648 1384 nisi
671 1328 739 1386 tum
755 1319 886 1403 aequalis
903 1319 945 1383 sit
962 1321 1042 1385 ritus
1059 1327 1090 1384 et
1106 1320 1230 1396 elassis,
1247 1328 1315 1387 tum
1332 1322 1464 1409 aequalis,

419 1410 469 1473 vel
493 1409 580 1474 nulla
602 1408 735 1493 insignis
758 1407 906 1492 dignitas.
929 1406 1017 1474 ldem
1034 1408 1072 1473 de
1093 1409 1163 1475 aliis
1186 1409 1381 1495 supradietis
1404 1430 1466 1496 qua·

420 1497 563 1562 litatibus
592 1496 791 1562 sentiendum
821 1505 879 1562 est.
915 1496 1010 1562 liubr.
1037 1498 1140 1586 perol.
1170 1521 1200 1564 o.
1232 1498 1273 1564 tta
1310 1509 1339 1565 et
1373 1499 1466 1566 aava.

372 1585 947 1652 -tobelddllobetl,

646 1767 710 1832 lle
731 1768 991 1853 repositione
1011 1767 1238 1835 {lentorum

489 1930 518 1997 5.
543 1928 673 2009 Quando
696 1932 788 2019 plura
811 1932 904 1998 Festa
928 1940 1002 1998 sunt
1025 1933 1119 1999 simul
1143 1930 1379 2010 transferenda,
1403 1932 1472 2000 ordo

423 2021 640 2086 translationis
656 2021 832 2087 desumitur
853 2042 872 2086 a
895 2022 1117 2108 praecedentia,
1134 2042 1228 2108 quam
1249 2020 1370 2087 babent
1386 2021 1473 2088 Festa

423 2108 455 2173 in
479 2108 625 2196 Vesperis
649 2109 766 2197 (Reor.
788 2110 888 2198 perol.
912 2133 942 2174 o.
960 2111 1002 2176 90
1026 2120 1055 2175 et
1079 2109 1182 2176 Gooal.
1207 2109 1284 2177 ιο.1
1309 2131 1334 2175 o.
1353 2111 1397 2176 17
1415 2111 1471 2177 dl

422 2219 452 2261 o.
469 2197 518 2284 b);
543 2198 713 2265 dummodo
737 2220 800 2265 non
816 2200 859 2265 sit
876 2199 997 2264 ratione
1013 2200 1234 2276 solemnitatis
1252 2218 1322 2284 quae
1345 2200 1379 2265 in
1398 2198 1472 2265 ordi

418 2306 458 2351 ne
474 2289 692 2354 translationis
709 2310 770 2353 uon
788 2297 837 2353 est
853 2286 1054 2353 attendenda.
1078 2288 1110 2354 S.
1127 2289 1163 2354 R.
1184 2288 1215 2354 C.
1232 2287 1274 2353 10
1290 2288 1377 2376 Sept.
1397 2287 1475 2368 1801

418 2374 450 2440 io
466 2375 605 2445 Rriaieo.
623 2378 664 2443 od
680 2379 730 2444 15.
749 2377 853 2458 Quare
869 2378 958 2464 prius
975 2379 1085 2464 reponi
1102 2375 1219 2443 debent
1234 2375 1329 2443 reso
1345 2378 1475 2466 majoris

418 2466 509 2532 ritus,
537 2466 656 2534 Deinde
678 2467 771 2534 Festa
801 2467 953 2554 primaria
983 2467 1113 2553 majoris
1145 2466 1309 2550 dignitatis
1332 2467 1474 2552 insignis.

418 2553 533 2621 Postea
549 2557 643 2623 lasea
659 2557 810 2642 primaria
826 2556 946 2642 absque
967 2555 1085 2640 insigni
1108 2555 1262 2642 dignitate
1284 2554 1475 2642 (dummodo

419 2644 484 2708 sint
507 2647 620 2712 saltem
644 2645 781 2732 duplicia
803 2643 965 2732 majora),
990 2664 1027 2709 eo
1050 2644 1161 2711 ordine
1191 2665 1252 2730 quo
1283 2645 1317 2709 iu
1347 2649 1475 2733 proprio

419 2731 611 2798 llaleudario
635 2741 709 2798 sunt
732 2734 892 2819 descripta
914 2732 1014 2820 (eum
1037 2735 1101 2799 sint
1131 2735 1215 2799 inter
1238 2754 1272 2799 se
1296 2733 1473 2819 aequelia);

420 2819 503 2904 quod
519 2822 547 2886 si
563 2821 602 2886 ab
618 2821 728 2886 eadem
745 2821 796 2886 die
812 2819 1055 2898 transferantur,
1080 2842 1117 2886 eo
1139 2829 1341 2908 reponuntur
1357 2825 1469 2895 ordine,

307 2981 310 2989 q
421 2908 475 2993 qui
497 2910 528 2975 in
546 2910 688 2975 clausula
705 2910 752 2974 V.¹
777 2910 816 2975 de
839 2910 924 2976 Festi
948 2904 1143 2998 proprietate
1166 2909 1401 2998 praescribitur.
1425 2910 1473 2977 ur·

420 2995 493 3061 inde
510 2997 604 3062 Festa
620 2999 806 3064 secundaria
824 2999 953 3086 majoris
970 3000 1132 3084 dignitatis
1149 3000 1291 3085 insignis.
1310 2999 1475 3066 Postremo

421 3083 514 3153 Festa
538 3088 723 3154 secundaria
741 3090 808 3154 siue
825 3089 979 3174 dignitate
1001 3090 1128 3172 insigni,
1152 3088 1262 3154 ordine
1285 3089 1384 3173 paulo
1410 3097 1477 3155 ante

421 3173 593 3243 declarato.
617 3175 709 3243 Festa
732 3197 805 3243 vero
829 3178 967 3264 duplioia
990 3178 1112 3244 minora
1136 3186 1168 3243 et
1191 3177 1425 3263 semiduplieia,
1447 3178 1475 3241 in

420 3266 558 3348 paritate
580 3268 670 3343 ritus,
690 3276 887 3353 reponuntur
910 3268 977 3333 sine
995 3268 1057 3333 ulla
1082 3266 1283 3331 distinetione
1307 3287 1345 3330 eo
1369 3267 1476 3332 ordine

421 3373 483 3438 quo
505 3364 597 3422 erant
619 3355 807 3422 celebranda
823 3357 961 3442 propriis
978 3354 1099 3431 diebus,
1116 3357 1191 3440 quin
1209 3353 1293 3420 aliud
1312 3356 1473 3441 quippiam

421 3444 646 3511 attendendum
665 3446 716 3521 sit,
732 3446 871 3530 exeeptis
888 3444 989 3510 lestis
1007 3444 1323 3509 commemorationis
1340 3442 1373 3509 S.
1392 3443 1477 3509 Pauli

422 3541 454 3598 et
476 3532 525 3599 as.
549 3535 742 3619 Angelorum
766 3533 960 3610 Custodum,
991 3554 1049 3599 nee
1081 3553 1142 3598 nou
1167 3532 1338 3618 llapbaelis
1361 3541 1395 3597 et
1420 3531 1475 3598 Ga·

422 3620 543 3698 brielis‚
567 3643 635 3708 quae
656 3624 841 3709 praelatione
863 3622 1002 3708 gaudent
1025 3620 1209 3708 prodestis
1227 3620 1368 3707 ejusdem
1387 3623 1473 3686 ritus.

424 3709 518 3775 auor.
535 3733 602 3797 geo.
620 3711 664 3776 tit.
682 3712 723 3777 ll)
745 3712 811 3777 o.7
836 3721 865 3777 et
885 3712 986 3800 pecul.
1003 3734 1033 3776 o.
1050 3711 1088 3776 91
1116 3732 1153 3776 oe
1179 3710 1281 3777 Gouol.
1300 3710 1376 3776 101
1395 3733 1421 3776 e.
1437 3709 1474 3775 17

423 3797 453 3863 d.
480 3799 509 3863 5.
539 3798 614 3864 Vide
636 3800 728 3865 etiam
750 3801 834 3888 infre
857 3823 883 3866 o.
909 3802 927 3865 5
951 3823 981 3865 o.
1005 3800 1025 3866 1
1049 3798 1120 3867 HI.n

489 3887 521 3953 1.
545 3887 618 3953 Dies
641 3908 747 3974 porro,
770 3890 803 3956 iu
826 3890 940 3975 quibus
963 3889 1073 3955 eadem
1090 3888 1183 3954 Festa
1200 3888 1311 3974 reponi
1335 3893 1472 3973 possunt,

425 3983 457 4040 et
479 3974 625 4063 (dempto
650 3997 736 4043 oasa.
753 3977 792 4044 de
815 3998 878 4063 quo
900 3975 982 4044 inira
1005 3999 1035 4044 n.
1061 3976 1122 4064 15)
1144 3977 1239 4042 etiam
1264 3976 1390 4053 debent,
1406 3981 1470 4040 sunt

425 4064 624 4133 solummodo
647 4066 683 4143 1⁰,
706 4066 775 4142 illi,
806 4068 860 4152 qui
883 4066 976 4134 Festa
1007 4068 1076 4153 ipsa
1107 4065 1348 4152 subsequuntur
1379 4078 1471 4148 esque
