3484 4875
453 491 515 557 1511
684 507 903 554 luuorarronns
920 509 949 553 ru
964 509 1054 554 rusm
1072 508 1237 555 nacuuuars

476 618 602 684 ludent.
627 614 668 681 cd
691 615 710 680 d
722 615 762 702 ),
786 615 906 700 absque
931 614 1042 692 Stola‚
1068 622 1178 701 utpote
1204 616 1305 681 uetita
1329 617 1357 681 in
1376 613 1445 681 illicio
1481 600 1488 664 1

471 707 640 779 Canonium
657 712 826 788 utcumque
850 704 1036 770 solemniter
1052 705 1237 771 celebretur
1266 706 1282 791 (
1292 706 1322 771 S.
1340 705 1447 771 11111
1482 709 1508 752 i!

472 795 543 861 Dec.
569 793 653 859 tutu
677 794 709 856 iu
736 792 922 857 Volutercuc
945 792 986 858 od
1010 793 1028 856 3
1053 804 1082 857 ct
1106 794 1124 857 7
1149 793 1230 882 Apu.
1258 794 1449 859 tutatuta·
1483 801 1490 841 i

470 886 583 949 mineo.
607 881 648 946 od
672 881 731 965 l),
755 890 787 945 et
810 882 944 966 ipsemet
968 882 1041 946 thus
1065 881 1198 968 injicere
1222 884 1255 948 in
1274 883 1451 970 Thuribulun.
1484 889 1509 967 ft]

471 973 502 1038 S.
529 971 563 1037 lt.
584 971 614 1036 C.
632 971 673 1036 27
691 969 783 1034 Mori.
810 970 894 1035 1779
918 969 949 1033 io
972 992 1034 1035 aruo
1062 970 1135 1037 Ord.
1152 970 1230 1036 Min.
1249 972 1356 1058 Refer.
1377 971 1409 1035 od
1424 973 1451 1036 11.
1486 980 1497 1022 1-

473 1060 735 1147 llartyrologium
759 1078 854 1144 porro
880 1058 1056 1124 canendum
1081 1069 1140 1136 est,
1164 1059 1319 1146 deposito
1342 1061 1452 1125 librou·
1488 1065 1509 1112 u

473 1170 531 1235 per
546 1148 652 1232 Legite
675 1167 779 1233 panno
796 1147 936 1212 violaceo
954 1148 1123 1213 instratum
1147 1168 1186 1213 ac
1210 1151 1313 1215 situm
1340 1150 1369 1214 in
1389 1148 1454 1214 nodio
1498 1138 1509 1201 1

473 1238 567 1303 Chori
591 1238 639 1301 uel
663 1243 736 1301 ante
760 1236 867 1300 ditare
887 1236 976 1320 juxta
1001 1236 1288 1312 consuetudinem;
1315 1248 1403 1323 atque
1420 1244 1459 1302 tan
1491 1247 1509 1291 1³1

474 1324 631 1391 Sacerdos
655 1335 780 1398 cantor,
805 1343 901 1408 quam
925 1323 1112 1391 Cerolerarii
1139 1325 1319 1392 hincinde
1353 1326 1389 1391 ad
1406 1327 1460 1390 latus

474 1415 551 1500 ejus,
576 1414 752 1479 consistunt
775 1410 855 1477 facie
879 1412 919 1478 ad
943 1413 1050 1479 ditare
1073 1433 1240 1480 conuersa.
1266 1415 1402 1481 Meretur
1417 1425 1461 1479 rut
1495 1427 1509 1468 ’λ’

477 1502 700 1570 dedu&
836 1505 838 1509 ”
1494 1513 1509 1558 t

518 1591 567 1657 lV.
592 1590 723 1670 Quando
746 1589 860 1674 Vigilia
883 1588 1063 1655 Natiuitatis
1087 1590 1201 1657 incidit
1224 1592 1259 1657 iu
1285 1592 1463 1664 Dominican,

474 1686 506 1748 in
530 1700 618 1745 coena
642 1679 735 1765 hujus
758 1678 819 1743 diei
843 1698 901 1763 pro
925 1678 1144 1746 benedictione
1167 1679 1292 1747 lllensae
1318 1680 1464 1768 usurpanda
1496 1676 1509 1735 ti

475 1778 524 1837 est
546 1767 682 1832 formula
707 1767 897 1832 Natiuitatis.

517 1858 553 1921 V.
578 1854 638 1934 Qui
661 1876 698 1924 ex
714 1856 879 1940 privilegio
897 1856 1115 1922 celebraturus
1131 1865 1181 1923 est
1205 1858 1350 1943 primam
1372 1859 1465 1924 llissou

475 1945 654 2012 Natiuitatis
670 1952 744 2009 ante
759 1945 896 2009 mediam
910 1953 1046 2020 noctem,
1059 1954 1164 2031 potest
1179 1947 1389 2014 nihilominus
1404 1966 1466 2013 mane
1499 1957 1506 2001 t

473 2035 567 2121 hujus
591 2033 653 2097 diei
668 2033 711 2097 11
728 2032 861 2100 Sacrum
877 2032 994 2111 lacere,
1019 2044 1053 2100 11
1077 2036 1193 2121 reliqui
1211 2034 1413 2113 Sacerdotes,
1431 2033 1466 2100 sel
1501 2054 1509 2088 r.

475 2132 600 2190 vetatur
623 2142 748 2188 sumere
765 2121 1028 2207 purificationem.
1046 2124 1107 2188 Fas
1124 2144 1200 2190 uero
1226 2124 1337 2191 eidem
1353 2134 1398 2192 est
1411 2125 1466 2190 hauc

476 2212 670 2280 ablutionem
694 2212 836 2287 haurire,
861 2213 1002 2296 quinimo
1026 2221 1058 2277 et
1081 2220 1192 2297 postea
1217 2214 1330 2280 cibum
1353 2233 1467 2285 sumere,
1502 2227 1509 2264 r

475 2303 502 2367 si
525 2303 619 2366 Missa
645 2302 699 2365 illa
732 2308 804 2364 ante
837 2300 973 2365 mediam
1004 2312 1130 2367 noctem
1162 2301 1285 2377 desiit;
1320 2324 1358 2369 ac
1386 2301 1467 2368 deindo
1504 2318 1509 2357 r

477 2389 646 2478 (ternpore
671 2387 802 2474 debito)
826 2389 998 2456 secundam
1022 2400 1053 2456 ct
1070 2391 1198 2459 tertiam
1215 2391 1398 2459 Natiuitatis
1417 2391 1467 2456 llis·
1505 2412 1507 2420 ⁴

476 2501 543 2545 sam
569 2479 740 2545 celebrare.
758 2478 983 2545 Verumtamen
1001 2479 1177 2545 Cardinalis
1195 2480 1337 2547 Sacrum
1353 2481 1423 2547 illud
1440 2479 1468 2544 la·
1507 2497 1509 2520 ¹

476 2570 563 2634 ciens
586 2576 659 2632 ante
682 2567 819 2632 mediam
843 2576 968 2632 noctem
993 2569 1024 2632 in
1041 2569 1165 2633 Sacello
1184 2568 1313 2635 Summi
1338 2569 1468 2636 Pontilids
1508 2573 1509 2601 ¹

477 2659 536 2723 hac
556 2657 666 2744 jejunii
688 2657 758 2740 lege
775 2657 933 2733 eximitur,
950 2666 982 2722 et
1005 2659 1127 2742 praxim
1144 2668 1254 2723 seruat
1274 2660 1320 2725 ibi
1343 2662 1468 2725 inuectan

477 2756 509 2812 ct
532 2746 750 2831 approbatam.
779 2744 922 2810 Telemus
945 2746 986 2810 od
1009 2747 1087 2811 laurac
1109 2746 1203 2810 diem.

354 2850 362 2863 ·
433 2835 484 2898 25.
508 2871 551 2882 -
573 2835 596 2899 1.
621 2835 698 2898 Cum
723 2835 858 2898 recurrit
881 2834 1011 2900 Festum
1034 2835 1215 2901 Natiuitatis
1250 2836 1286 2901 in
1311 2837 1468 2906 Numidica,

476 2921 514 2985 de
537 2922 596 2986 hac
619 2923 696 2986 nihil
721 2922 764 2986 lit.
789 2921 943 2988 Similiter
977 2945 1049 2989 cum
1084 2923 1195 2989 incidit
1230 2924 1265 2989 in
1300 2925 1468 2996 Sabbatum,

475 3009 553 3074 nihil
584 3011 622 3075 de
645 3010 807 3076 [lominica
838 3013 944 3095 agitur
972 3014 1004 3077 iu
1035 3012 1181 3079 secundis
1205 3012 1361 3100 Vesperis
1383 3012 1470 3080 Natiui·

477 3100 560 3163 tatis.
584 3099 619 3164 ln
643 3100 745 3163 Ghoro
769 3100 956 3166 Matutinum
982 3103 1080 3187 priori
1103 3102 1207 3166 Nlissae
1235 3104 1406 3170 antecedit.
1429 3100 1471 3167 Pri·

477 3207 528 3252 mo
553 3188 766 3274 Responsorio
790 3188 959 3275 subjicitur
1000 3191 1105 3256 Gloria
1129 3189 1234 3266 Patri,
1260 3211 1300 3256 ac
1324 3213 1395 3259 mox
1416 3193 1471 3256 inte

477 3297 569 3362 grum
603 3279 758 3363 repetitur
791 3277 1040 3364 Responsorium
1073 3278 1120 3366 (*⁴).
1156 3278 1255 3345 Rubr.
1282 3280 1373 3348 Brea.
1405 3280 1471 3346 liictu

509 3598 544 3676 (Ἴ
565 3603 595 3659 11
617 3599 715 3677 primo
736 3605 770 3671 rt.
793 3607 856 3678 post
877 3618 995 3660 uersum
1017 3600 1133 3661 additur
1151 3603 1261 3662 Gloria
1279 3607 1380 3676 Patri,
1402 3603 1428 3663 in
1443 3602 1475 3661 SS·
1507 3634 1509 3653 ι

431 3676 577 3738 Trinitatis
599 3680 746 3750 honorem,
768 3698 896 3739 necnon
918 3681 946 3740 io
968 3681 1124 3757 gratiarum
1147 3683 1310 3758 actionem,
1335 3683 1409 3765 qnod
1429 3697 1477 3760 pru
1507 3700 1509 3740 ι

431 3755 549 3816 missum
571 3759 683 3819 taudem
706 3759 859 3839 aliquando
882 3759 909 3818 iu
932 3767 1022 3820 terras
1045 3760 1154 3820 miserit
1175 3763 1412 3842 Redemptorem.
1431 3764 1477 3822 uos
1507 3756 1509 3767 '

435 3836 541 3894 Gloria
562 3839 654 3900 Patri
673 3839 813 3916 integrum
836 3846 869 3909 ul.
892 3840 1020 3909 iteratur,
1046 3849 1075 3898 ut
1095 3859 1347 3917 commoneamur,
1368 3847 1476 3904 locoru

432 3915 516 3976 tionis
531 3919 696 3993 llysterium
719 3920 803 3978 menti
827 3929 932 3979 nostrae
954 3919 1039 3980 altius
1061 3919 1208 3997 figendum
1230 3941 1320 3998 esse,
1350 3933 1377 3985 et
1392 3921 1477 4002 jugiter

431 3996 625 4056 recolendum.
649 4002 678 4057 lo
700 3999 783 4058 tertio
808 4002 953 4061 Nocturna
975 3999 1167 4077 ingeminatur
1188 4004 1336 4080 Altetuja‚
1360 4020 1422 4082 quio
1440 4008 1478 4060 ter·

431 4077 469 4137 tia
492 4075 590 4137 mundi
611 4085 702 4148 aetutc,
725 4078 799 4139 idest
820 4086 884 4158 post
899 4078 1003 4141 Christi
1025 4080 1188 4160 Adventum
1211 4083 1239 4146 iu
1265 4086 1329 4166 lege
1351 4081 1443 4164 gratio
1458 4095 1478 4138 1·
