3484 4875
631 490 1032 541 momnnnnnnommmmt
1283 476 1348 543 467

287 649 290 655 .
332 596 455 664 festum
472 595 531 663 SS.
544 598 698 685 Corporis
712 597 829 665 Christi
846 608 901 666 aut
917 598 973 665 SS.
987 598 1099 665 Cordis
1116 598 1203 675 tesi,
1220 599 1296 667 ibid.
1313 601 1371 668 Die

266 701 283 712 ”
331 684 456 753 Octava
479 686 566 751 iilius
590 706 740 771 quaenam
763 686 932 753 Lectiones
948 689 984 774 in
1005 689 1101 753 tertio
1124 687 1288 754 Nocturno
1304 690 1370 755 sint

331 772 533 849 recitando,
563 773 672 839 adnot.
699 775 714 838 i
741 774 805 839 Jul.
830 796 862 840 ιι.
887 776 911 840 Ι.
936 776 985 841 Αιι
1009 776 1041 840 in
1065 775 1160 842 Missa
1184 776 1368 843 Natiuitatis

332 861 367 927 S.
386 862 521 927 Joannis
545 861 717 926 dicendum
734 863 776 927 sit
795 863 905 938 Credo,
931 863 1038 928 adnot.
1056 863 1100 929 dd
1122 864 1196 929 Jun.
1214 885 1244 928 ιι.
1269 864 1307 930 ΙΙ.
1329 865 1367 930 st

332 948 469 1015 Festum
492 948 721 1014 Decolletionis
754 950 897 1035 ejusdem
933 952 1115 1016 celebretur
1145 952 1196 1017 die
1227 972 1291 1018 non
1313 952 1370 1018 ita-

332 1036 432 1102 bente
455 1057 574 1101 nonam
596 1036 780 1102 Lectioncm
799 1038 838 1102 de
855 1039 986 1102 bomilia
1004 1047 1077 1114 etc,
1095 1039 1148 1104 ubi
1166 1040 1368 1106 terminando

332 1125 422 1190 itlius
446 1124 714 1201 comminutio,
739 1125 847 1190 adnot.
872 1126 914 1191 29
940 1128 1019 1210 bug.
1051 1147 1082 1190 ιι.
1108 1127 1131 1190 Ι.
1156 1126 1291 1191 donnues
1315 1131 1370 1212 qui

330 1213 365 1278 in
379 1212 545 1277 'Oratione
567 1212 704 1277 Cononis
725 1212 821 1278 Nobis
844 1234 966 1299 ottoque
993 1213 1207 1301 peccatoribus
1232 1216 1368 1280 nomini-

331 1308 442 1377 natnr‚
466 1308 516 1365 est
539 1300 571 1366 S.
596 1300 736 1365 Joannes
760 1302 916 1386 Baptista,
941 1302 1048 1366 adnot.
1073 1301 1116 1365 ‘bd
1140 1302 1213 1366 Jnn.
1239 1322 1268 1365 ιι.
1296 1303 1346 1367 1V.

285 1387 430 1454 loannes
454 1386 513 1475 (S.)
537 1387 668 1454 Gentius
692 1389 720 1453 si
744 1390 858 1475 primis
883 1397 939 1453 cut
963 1388 1113 1454 secundis
1144 1388 1295 1473 Vesperis
1320 1393 1369 1455 uel

331 1477 482 1561 utrisque
506 1482 625 1551 carent,
649 1475 726 1561 qnid
743 1477 850 1562 quoad
874 1477 942 1562 ejus
960 1477 1102 1563 Hymnus
1120 1476 1366 1553 observandum,

332 1564 444 1630 adnot.
468 1564 511 1629 20
535 1563 648 1628 Octob.

285 1651 431 1721 ioannes
456 1651 514 1739 (S.)
537 1652 785 1737 Nepomncenus
810 1651 848 1716 bl.
875 1653 901 1716 si
929 1649 1142 1717 transferatur
1164 1658 1239 1736 post
1255 1652 1368 1718 Pente·

331 1742 457 1815 cesten,
482 1759 522 1804 nn
546 1740 578 1804 in
603 1738 672 1824 ejus
689 1737 800 1804 Officio
826 1739 997 1804 dicendum
1015 1740 1058 1805 sit
1082 1748 1230 1805 octavum
1253 1740 1283 1825 d.
1308 1741 1367 1807 Hic

332 1840 379 1892 cst
401 1848 473 1893 uere
496 1827 631 1913 Martyr,
657 1826 764 1892 adnot.
792 1828 833 1893 id
857 1827 929 1913 maj.
955 1848 986 1893 n.
1019 1829 1042 1893 Ι.
1068 1827 1145 1907 Qnae
1169 1827 1238 1912 ejus
1262 1828 1368 1905 Missa,

331 1914 411 2068 ikia.
436 1916 527 2067 ΙΙΙίιίῗ
544 1914 690 1981 Officium
715 1924 748 1980 ct
763 1916 859 1981 Missa
876 1917 1007 2002 propria
1025 1936 1043 1981 a
1060 1917 1176 2002 quibus
1193 1917 1369 1994 recitanda,

333 2025 343 2068 ι
371 2025 379 2067 ι
406 2054 414 2069 .
439 2024 471 2069 n.
528 2054 535 2068 .

287 2090 411 2177 ioseph
435 2090 493 2178 (S.)
518 2112 536 2156 a
561 2089 745 2177 Cupertino.
763 2089 857 2170 Quid,
882 2091 908 2155 si
933 2091 1051 2157 alicubi
1074 2092 1134 2157 fixe
1151 2090 1366 2157 transferatur

333 2180 376 2245 ad
400 2180 443 2245 25
468 2180 518 2244 vel
540 2178 583 2244 26
617 2178 705 2265 Sept.
739 2189 771 2244 et
795 2200 832 2245 ea
856 2179 907 2244 die
931 2187 1082 2245 occurret
1105 2179 1271 2244 Dominica
1294 2179 1367 2243 XIX

330 2276 408 2355 post
431 2268 653 2419 Pentecosten,
678 2287 749 2352 qnae
766 2268 850 2333 idem
867 2267 991 2332 obtinet
1007 2267 1234 2351 Evangelium
1258 2265 1367 2332 adnot.

332 2358 375 2422 tu
402 2355 443 2421 Se
469 2365 491 2420 t.
517 2377 547 2422 n.
574 2355 613 2419 l.

286 2444 408 2532 Josepb
425 2377 483 2532 (d.)
500 2444 644 2531 Sponsus
660 2444 694 2509 B.
709 2442 748 2508 Μ.
761 2443 797 2508 V.
811 2444 839 2508 si
856 2443 1038 2509 celebretur
1054 2445 1086 2509 in
1104 2442 1367 2525 duodecuma,

330 2554 370 2600 ex
395 2534 414 2599 8
439 2540 471 2597 et
494 2533 513 2600 9
538 2533 607 2618 ejus
631 2532 782 2597 Lectione
805 2531 841 2597 Iit
863 2551 944 2608 una,
970 2533 1077 2597 adnot.
1105 2531 1145 2596 ru
1169 2531 1261 2596 Mart.
1286 2551 1317 2596 ιι.
1343 2531 1366 2596 Ι.

329 2623 365 2687 Si
391 2629 542 2687 occurret
566 2623 598 2686 in
621 2619 797 2686 Dominicis
828 2618 1091 2704 Quadregesimae
1114 2619 1163 2684 vel
1188 2619 1220 2682 in
1243 2618 1367 2684 Hebdo-

328 2709 428 2776 mada
451 2709 576 2796 majori,
601 2706 796 2774 transfertur
818 2708 851 2773 in
876 2709 1014 2793 primam
1039 2707 1123 2773 diem
1149 2726 1212 2772 non
1235 2706 1368 2791 impedi-

330 2806 411 2874 tam,
434 2796 511 2863 ibid.
533 2818 565 2862 ιι.
582 2795 621 2861 ll.
646 2795 739 2875 Quid,
764 2797 791 2860 si
814 2795 936 2861 incidat
958 2798 991 2861 in
1015 2795 1142 2861 Feriam
1166 2795 1312 2880 quintam
1335 2795 1367 2860 in

329 2886 429 2952 Coena
472 2885 600 2950 Domini
634 2885 690 2950 nbi
724 2885 842 2950 colitur
877 2904 951 2950 cum
986 2892 1149 2972 praecepto
1185 2885 1217 2949 in
1255 2882 1367 2950 Foro.

329 2973 409 3039 ibid.
434 2994 466 3038 ιι.
491 2973 545 3038 111.

282 3063 417 3128 tutione
441 3059 499 3148 (S.)
524 3060 563 3125 de
579 3059 787 3125 Falconeriis.
804 3060 881 3147 Ejus
898 3061 1042 3149 Hymnus
1062 3060 1194 3126 Caelestis
1210 3059 1292 3145 Aqot
1307 3082 1364 3124 ιιιι-

327 3150 414 3238 ptios
438 3148 591 3215 dicendus
616 3157 665 3214 est
688 3149 786 3213 etium
810 3150 842 3214 in
867 3149 1017 3216 secundis
1041 3148 1210 3234 Vesperis,
1234 3149 1261 3212 si
1285 3148 1363 3213 istas

329 3238 460 3313 babent,
484 3238 593 3304 adnot.
618 3236 660 3302 22
685 3236 758 3303 dun.
782 3257 813 3301 n.
839 3237 862 3302 Ι.

808 3411 854 3484 Κ

275 3587 519 3659 Kelendarium
541 3589 722 3654 Romanum
752 3593 802 3650 est
829 3585 1034 3660 universale,
1067 3602 1138 3669 pag.
1174 3580 1236 3646 tte
1269 3601 1300 3647 ιι.
1335 3584 1364 3648 i.

326 3677 526 3744 Kalendaria
548 3675 758 3763 particularia
783 3674 861 3759 quid
885 3671 1034 3739 differant
1057 3691 1075 3737 a
1099 3671 1262 3746 Romano,
1286 3670 1363 3735 ibid.

327 3766 519 3849 Regutnres
544 3766 598 3850 qui
622 3763 788 3851 proprium
812 3761 1041 3829 Kalendarium
1066 3779 1130 3829 non
1152 3757 1283 3834 habent,
1301 3779 1363 3844 quo

326 3854 525 3920 Kalendario
549 3855 597 3919 nti
621 3852 779 3928 debeant,
804 3850 880 3916 ibid.
906 3851 954 3916 Αιι
984 3847 1214 3915 Kalendarium
1247 3847 1366 3912 iterum

326 3941 510 4009 reformare
539 3943 636 4008 liceat
664 3941 847 4007 inconsulte
870 3938 902 4004 S.
928 3940 965 4004 R.
991 3938 1041 4013 0.,
1065 3935 1142 4001 ibid.
1173 3935 1204 4001 2.
1229 3934 1278 4001 Αιι
1302 3935 1364 3999 Kn-

326 4031 476 4098 lendnrio
499 4032 532 4098 in
557 4030 684 4098 casibus
709 4028 813 4096 dubiis
838 4028 881 4095 sit
904 4025 1148 4100 adhaerendum,
1173 4023 1250 4091 ibid.
1276 4043 1305 4088 n.
1333 4022 1362 4086 5.
