<?xml version="1.0" encoding="UTF-8"?>
<!DOCTYPE html PUBLIC "-//W3C//DTD XHTML 1.0 Transitional//EN"
    "http://www.w3.org/TR/xhtml1/DTD/xhtml1-transitional.dtd">
<html xmlns="http://www.w3.org/1999/xhtml" xml:lang="en" lang="en">
 <head>
  <title>
</title>
<meta http-equiv="Content-Type" content="text/html;charset=utf-8" />
  <meta name='ocr-system' content='tesseract 3.04.00' />
  <meta name='ocr-capabilities' content='ocr_page ocr_carea ocr_par ocr_line ocrx_word'/>
</head>
<body>
  <div class='ocr_page' id='page_1' title='image "./kalendariumperp00carpgoog_0150.png"; bbox 0 0 3484 4875; ppageno 0'>
   <div class='ocr_carea' id='block_1_1' title="bbox 360 459 1064 527">
    <p class='ocr_par' dir='ltr' id='par_1_1' title="bbox 360 459 1064 527">
     <span class='ocr_line' id='line_1_1' title="bbox 360 459 1064 527; baseline -0.003 -1"><span class='ocrx_word' id='word_1_1' title='bbox 360 459 423 527; x_wconf 70' lang='lat'>158</span> <span class='ocrx_word' id='word_1_2' title='bbox 684 473 893 525; x_wconf 68' lang='lat' dir='ltr'>coarmantur</span> <span class='ocrx_word' id='word_1_3' title='bbox 915 473 1064 524; x_wconf 69' lang='lat' dir='ltr'>normann</span> 
     </span>
    </p>
   </div>
   <div class='ocr_carea' id='block_1_2' title="bbox 352 622 1409 2162">
    <p class='ocr_par' dir='ltr' id='par_1_2' title="bbox 352 622 1065 956">
     <span class='ocr_line' id='line_1_2' title="bbox 352 622 1029 743; baseline -0.004 -50"><span class='ocrx_word' id='word_1_4' title='bbox 352 671 385 743; x_wconf 52' lang='lat' dir='ltr'>a·</span> <span class='ocrx_word' id='word_1_5' title='bbox 725 622 1029 692; x_wconf 66' lang='lat' dir='ltr'>DEOEMBER</span> 
     </span>
     <span class='ocr_line' id='line_1_3' title="bbox 375 758 1065 956; baseline -0.006 -46"><span class='ocrx_word' id='word_1_6' title='bbox 375 758 444 956; x_wconf 59' lang='grc' dir='ltr'><strong>ΞΙΜ.</strong></span> <span class='ocrx_word' id='word_1_7' title='bbox 468 837 669 947; x_wconf 68' lang='lat' dir='ltr'>Bihiacaet’.</span> <span class='ocrx_word' id='word_1_8' title='bbox 693 851 726 908; x_wconf 89' lang='lat' dir='ltr'>et</span> <span class='ocrx_word' id='word_1_9' title='bbox 748 842 789 946; x_wconf 92' lang='grc' dir='ltr'><strong>Μ</strong></span> <span class='ocrx_word' id='word_1_10' title='bbox 813 842 934 907; x_wconf 77' lang='lat' dir='ltr'>semida</span> <span class='ocrx_word' id='word_1_11' title='bbox 959 892 966 908; x_wconf 89' lang='lat'><strong>.</strong></span> <span class='ocrx_word' id='word_1_12' title='bbox 1059 929 1065 941; x_wconf 95' lang='lat'><strong>.</strong></span> 
     </span>
    </p>

    <p class='ocr_par' dir='ltr' id='par_1_3' title="bbox 375 929 1358 1106">
     <span class='ocr_line' id='line_1_4' title="bbox 375 929 1358 1106; baseline -0.009 -22"><span class='ocrx_word' id='word_1_13' title='bbox 375 932 444 1088; x_wconf 64' lang='lat' dir='ltr'>i}</span> <span class='ocrx_word' id='word_1_14' title='bbox 468 931 782 1106; x_wconf 52' lang='lat' dir='ltr'>{cantator</span> <span class='ocrx_word' id='word_1_15' title='bbox 805 929 920 1104; x_wconf 56' lang='lat' dir='ltr'>VSM.</span> <span class='ocrx_word' id='word_1_16' title='bbox 940 951 1099 1083; x_wconf 64' lang='lat' dir='ltr'>{titt</span> <span class='ocrx_word' id='word_1_17' title='bbox 1132 1015 1207 1104; x_wconf 64' lang='lat' dir='ltr'>a...</span> <span class='ocrx_word' id='word_1_18' title='bbox 1317 1028 1358 1077; x_wconf 79' lang='lat' dir='ltr'>n</span> 
     </span>
    </p>

    <p class='ocr_par' dir='ltr' id='par_1_4' title="bbox 455 1104 1172 1174">
     <span class='ocr_line' id='line_1_5' title="bbox 455 1104 1172 1174; baseline -0.008 0"><span class='ocrx_word' id='word_1_19' title='bbox 455 1109 760 1174; x_wconf 72' lang='lat' dir='ltr'>commemoratione</span> <span class='ocrx_word' id='word_1_20' title='bbox 784 1105 816 1172; x_wconf 91' lang='lat' dir='ltr'>S.</span> <span class='ocrx_word' id='word_1_21' title='bbox 841 1106 992 1172; x_wconf 77' lang='lat' dir='ltr'>Barbarae</span> <span class='ocrx_word' id='word_1_22' title='bbox 1015 1105 1052 1170; x_wconf 89' lang='lat' dir='ltr'>V.</span> <span class='ocrx_word' id='word_1_23' title='bbox 1074 1113 1108 1170; x_wconf 91' lang='lat' dir='ltr'>et</span> <span class='ocrx_word' id='word_1_24' title='bbox 1132 1104 1172 1168; x_wconf 92' lang='lat' dir='ltr'>M.</span> 
     </span>
    </p>

    <p class='ocr_par' dir='ltr' id='par_1_5' title="bbox 378 1194 1007 1288">
     <span class='ocr_line' id='line_1_6' title="bbox 378 1194 1007 1288; baseline -0.006 -28"><span class='ocrx_word' id='word_1_25' title='bbox 378 1196 443 1288; x_wconf 41' lang='lat'>5¹8.</span> <span class='ocrx_word' id='word_1_26' title='bbox 469 1196 583 1261; x_wconf 75' lang='lat' dir='ltr'>Sabim.</span> <span class='ocrx_word' id='word_1_27' title='bbox 608 1195 688 1262; x_wconf 82' lang='lat' dir='ltr'>noo.</span> <span class='ocrx_word' id='word_1_28' title='bbox 714 1194 1007 1261; x_wconf 86' lang='lat' dir='ltr'>commemoratio..</span> 
     </span>
    </p>

    <p class='ocr_par' dir='ltr' id='par_1_6' title="bbox 357 1281 1409 2016">
     <span class='ocr_line' id='line_1_7' title="bbox 377 1281 985 1370; baseline -0.002 -22"><span class='ocrx_word' id='word_1_29' title='bbox 377 1283 443 1351; x_wconf 74' lang='lat' dir='ltr'>MS.</span> <span class='ocrx_word' id='word_1_30' title='bbox 467 1284 590 1352; x_wconf 86' lang='lat' dir='ltr'>Nicolai</span> <span class='ocrx_word' id='word_1_31' title='bbox 614 1284 672 1370; x_wconf 79' lang='lat' dir='ltr'>Ep.</span> <span class='ocrx_word' id='word_1_32' title='bbox 696 1292 729 1349; x_wconf 90' lang='lat' dir='ltr'>et</span> <span class='ocrx_word' id='word_1_33' title='bbox 751 1282 784 1348; x_wconf 88' lang='lat' dir='ltr'>C.</span> <span class='ocrx_word' id='word_1_34' title='bbox 809 1282 852 1346; x_wconf 82' lang='lat' dir='ltr'>du</span> <span class='ocrx_word' id='word_1_35' title='bbox 878 1332 885 1347; x_wconf 93' lang='lat'><strong>.</strong></span> <span class='ocrx_word' id='word_1_36' title='bbox 909 1281 985 1347; x_wconf 81' lang='lat' dir='ltr'>mic.</span> 
     </span>
     <span class='ocr_line' id='line_1_8' title="bbox 377 1304 1409 1498; baseline -0.005 -62"><span class='ocrx_word' id='word_1_37' title='bbox 377 1333 444 1498; x_wconf 46' lang='lat' dir='ltr'><strong>VVS.</strong></span> <span class='ocrx_word' id='word_1_38' title='bbox 471 1372 633 1438; x_wconf 81' lang='lat' dir='ltr'>Ambrosii</span> <span class='ocrx_word' id='word_1_39' title='bbox 656 1371 713 1457; x_wconf 77' lang='lat' dir='ltr'>Ep.</span> <span class='ocrx_word' id='word_1_40' title='bbox 740 1370 773 1436; x_wconf 83' lang='lat' dir='ltr'>G.</span> <span class='ocrx_word' id='word_1_41' title='bbox 798 1377 830 1434; x_wconf 89' lang='lat' dir='ltr'>et</span> <span class='ocrx_word' id='word_1_42' title='bbox 851 1304 944 1435; x_wconf 66' lang='lat' dir='ltr'>ssoct.</span> <span class='ocrx_word' id='word_1_43' title='bbox 969 1369 1045 1456; x_wconf 76' lang='lat' dir='ltr'>dep.</span> <span class='ocrx_word' id='word_1_44' title='bbox 1069 1364 1147 1433; x_wconf 79' lang='lat' dir='ltr'>otio.</span> <span class='ocrx_word' id='word_1_45' title='bbox 1403 1389 1409 1452; x_wconf 63' lang='lat' dir='ltr'>j</span> 
     </span>
     <span class='ocr_line' id='line_1_9' title="bbox 378 1451 1409 1554; baseline -0.008 -30"><span class='ocrx_word' id='word_1_46' title='bbox 378 1459 584 1545; x_wconf 56' lang='lat' dir='ltr'>&amp;conceptio</span> <span class='ocrx_word' id='word_1_47' title='bbox 608 1458 738 1525; x_wconf 91' lang='lat' dir='ltr'>Immac.</span> <span class='ocrx_word' id='word_1_48' title='bbox 762 1457 797 1523; x_wconf 88' lang='grc' dir='ltr'>Β.</span> <span class='ocrx_word' id='word_1_49' title='bbox 822 1457 862 1523; x_wconf 92' lang='grc' dir='ltr'>Μ.</span> <span class='ocrx_word' id='word_1_50' title='bbox 887 1457 913 1523; x_wconf 95' lang='lat' dir='ltr'><strong>V</strong></span> <span class='ocrx_word' id='word_1_51' title='bbox 936 1456 1011 1546; x_wconf 80' lang='lat' dir='ltr'>cup.</span> <span class='ocrx_word' id='word_1_52' title='bbox 1035 1455 1057 1520; x_wconf 98' lang='grc' dir='ltr'><strong>Μ</strong></span> <span class='ocrx_word' id='word_1_53' title='bbox 1081 1457 1120 1522; x_wconf 75' lang='lat' dir='ltr'>cl.</span> <span class='ocrx_word' id='word_1_54' title='bbox 1146 1473 1222 1525; x_wconf 89' lang='lat' dir='ltr'>oum</span> <span class='ocrx_word' id='word_1_55' title='bbox 1243 1451 1342 1521; x_wconf 75' lang='lat' dir='ltr'>oenc.</span> <span class='ocrx_word' id='word_1_56' title='bbox 1397 1477 1409 1554; x_wconf 36' lang='grc' dir='ltr'>μ’</span> 
     </span>
     <span class='ocr_line' id='line_1_10' title="bbox 377 1537 1409 1640; baseline -0.011 -27"><span class='ocrx_word' id='word_1_57' title='bbox 377 1537 457 1615; x_wconf 69' lang='lat' dir='ltr'>Mne</span> <span class='ocrx_word' id='word_1_58' title='bbox 481 1549 600 1616; x_wconf 87' lang='lat' dir='ltr'>Octava</span> <span class='ocrx_word' id='word_1_59' title='bbox 623 1548 776 1636; x_wconf 76' lang='lat' dir='ltr'>scorcidnp.</span> <span class='ocrx_word' id='word_1_60' title='bbox 1400 1564 1409 1640; x_wconf 35' lang='grc' dir='ltr'><em>ᾗ</em></span> 
     </span>
     <span class='ocr_line' id='line_1_11' title="bbox 357 1623 1409 1717; baseline -0.008 -18"><span class='ocrx_word' id='word_1_61' title='bbox 357 1635 398 1700; x_wconf 83' lang='lat' dir='ltr'>tt)</span> <span class='ocrx_word' id='word_1_62' title='bbox 411 1637 457 1701; x_wconf 84' lang='lat' dir='ltr'>De</span> <span class='ocrx_word' id='word_1_63' title='bbox 480 1635 599 1702; x_wconf 86' lang='lat' dir='ltr'>Octava</span> <span class='ocrx_word' id='word_1_64' title='bbox 621 1634 729 1701; x_wconf 71' lang='lat' dir='ltr'>senciat.</span> <span class='ocrx_word' id='word_1_65' title='bbox 754 1654 826 1700; x_wconf 87' lang='lat' dir='ltr'>cum</span> <span class='ocrx_word' id='word_1_66' title='bbox 851 1652 968 1700; x_wconf 87' lang='lat' dir='ltr'>comm.</span> <span class='ocrx_word' id='word_1_67' title='bbox 984 1630 1016 1699; x_wconf 89' lang='lat' dir='ltr'>S.</span> <span class='ocrx_word' id='word_1_68' title='bbox 1034 1629 1224 1699; x_wconf 85' lang='lat' dir='ltr'>Melchiadis</span> <span class='ocrx_word' id='word_1_69' title='bbox 1245 1629 1296 1717; x_wconf 84' lang='lat' dir='ltr'>Pp.</span> <span class='ocrx_word' id='word_1_70' title='bbox 1308 1623 1367 1693; x_wconf 74' lang='lat' dir='ltr'>eti</span> <span class='ocrx_word' id='word_1_71' title='bbox 1403 1653 1409 1658; x_wconf 95' lang='lat'><em>·</em></span> 
     </span>
     <span class='ocr_line' id='line_1_12' title="bbox 357 1716 1345 1811; baseline -0.006 -25"><span class='ocrx_word' id='word_1_72' title='bbox 357 1722 394 1787; x_wconf 84' lang='lat' dir='ltr'>ti</span> <span class='ocrx_word' id='word_1_73' title='bbox 413 1724 446 1789; x_wconf 89' lang='lat' dir='ltr'>S.</span> <span class='ocrx_word' id='word_1_74' title='bbox 469 1723 598 1790; x_wconf 84' lang='lat' dir='ltr'>Damasi</span> <span class='ocrx_word' id='word_1_75' title='bbox 621 1723 679 1810; x_wconf 88' lang='lat' dir='ltr'>Pp.</span> <span class='ocrx_word' id='word_1_76' title='bbox 703 1731 736 1796; x_wconf 86' lang='lat' dir='ltr'>et</span> <span class='ocrx_word' id='word_1_77' title='bbox 759 1723 792 1790; x_wconf 85' lang='lat' dir='ltr'>C.</span> <span class='ocrx_word' id='word_1_78' title='bbox 815 1722 969 1811; x_wconf 77' lang='lat' dir='ltr'>semidop.</span> <span class='ocrx_word' id='word_1_79' title='bbox 994 1740 1068 1787; x_wconf 88' lang='lat' dir='ltr'>eum</span> <span class='ocrx_word' id='word_1_80' title='bbox 1092 1740 1211 1788; x_wconf 88' lang='lat' dir='ltr'>comm.</span> <span class='ocrx_word' id='word_1_81' title='bbox 1235 1716 1345 1785; x_wconf 76' lang='lat' dir='ltr'>Octava.</span> 
     </span>
     <span class='ocr_line' id='line_1_13' title="bbox 357 1807 1409 1900; baseline -0.003 -26"><span class='ocrx_word' id='word_1_82' title='bbox 357 1809 399 1874; x_wconf 68' lang='grc' dir='ltr'><strong>ΜΜ</strong></span> <span class='ocrx_word' id='word_1_83' title='bbox 413 1807 458 1877; x_wconf 84' lang='lat' dir='ltr'>De</span> <span class='ocrx_word' id='word_1_84' title='bbox 481 1809 599 1878; x_wconf 83' lang='lat' dir='ltr'>Octava</span> <span class='ocrx_word' id='word_1_85' title='bbox 623 1811 777 1900; x_wconf 83' lang='lat' dir='ltr'>semidnp.</span> <span class='ocrx_word' id='word_1_86' title='bbox 1401 1810 1409 1816; x_wconf 86' lang='grc'><em>“</em></span> 
     </span>
     <span class='ocr_line' id='line_1_14' title="bbox 358 1893 1331 2016; baseline -0.005 -54"><span class='ocrx_word' id='word_1_87' title='bbox 358 1898 445 2016; x_wconf 40' lang='lat'><strong>1548.</strong></span> <span class='ocrx_word' id='word_1_88' title='bbox 471 1899 576 1966; x_wconf 85' lang='lat' dir='ltr'>Lnoiae</span> <span class='ocrx_word' id='word_1_89' title='bbox 599 1899 635 1966; x_wconf 89' lang='lat' dir='ltr'>V.</span> <span class='ocrx_word' id='word_1_90' title='bbox 659 1906 692 1964; x_wconf 86' lang='lat' dir='ltr'>et</span> <span class='ocrx_word' id='word_1_91' title='bbox 714 1899 754 1964; x_wconf 88' lang='lat' dir='ltr'>M.</span> <span class='ocrx_word' id='word_1_92' title='bbox 778 1899 853 1988; x_wconf 79' lang='lat' dir='ltr'>dap.</span> <span class='ocrx_word' id='word_1_93' title='bbox 871 1900 947 1966; x_wconf 80' lang='lat' dir='ltr'>mia.</span> <span class='ocrx_word' id='word_1_94' title='bbox 972 1915 1044 1964; x_wconf 91' lang='lat' dir='ltr'>cum</span> <span class='ocrx_word' id='word_1_95' title='bbox 1070 1916 1188 1963; x_wconf 90' lang='lat' dir='ltr'>comm.</span> <span class='ocrx_word' id='word_1_96' title='bbox 1213 1893 1331 1963; x_wconf 81' lang='lat' dir='ltr'>Octava.</span> 
     </span>
    </p>

    <p class='ocr_par' dir='ltr' id='par_1_7' title="bbox 359 1985 1409 2162">
     <span class='ocr_line' id='line_1_15' title="bbox 359 1985 777 2076; baseline 0.002 -26"><span class='ocrx_word' id='word_1_97' title='bbox 359 1985 400 2050; x_wconf 73' lang='lat' dir='ltr'>ili</span> <span class='ocrx_word' id='word_1_98' title='bbox 415 1988 459 2053; x_wconf 83' lang='lat' dir='ltr'>De</span> <span class='ocrx_word' id='word_1_99' title='bbox 482 1988 601 2054; x_wconf 84' lang='lat' dir='ltr'>Octava</span> <span class='ocrx_word' id='word_1_100' title='bbox 624 1986 777 2076; x_wconf 81' lang='lat' dir='ltr'>semidnp.</span> 
     </span>
     <span class='ocr_line' id='line_1_16' title="bbox 359 2069 1409 2162; baseline -0.002 -26"><span class='ocrx_word' id='word_1_101' title='bbox 359 2073 399 2137; x_wconf 76' lang='lat'>15</span> <span class='ocrx_word' id='word_1_102' title='bbox 414 2076 532 2142; x_wconf 87' lang='lat' dir='ltr'>Octava</span> <span class='ocrx_word' id='word_1_103' title='bbox 556 2076 686 2141; x_wconf 90' lang='lat' dir='ltr'>Immao.</span> <span class='ocrx_word' id='word_1_104' title='bbox 711 2073 936 2160; x_wconf 75' lang='lat' dir='ltr'>conceptionis</span> <span class='ocrx_word' id='word_1_105' title='bbox 959 2073 994 2139; x_wconf 89' lang='lat' dir='ltr'>B.</span> <span class='ocrx_word' id='word_1_106' title='bbox 1018 2071 1058 2139; x_wconf 92' lang='grc' dir='ltr'>Μ.</span> <span class='ocrx_word' id='word_1_107' title='bbox 1083 2072 1120 2138; x_wconf 90' lang='lat' dir='ltr'>V.</span> <span class='ocrx_word' id='word_1_108' title='bbox 1146 2071 1223 2162; x_wconf 77' lang='lat' dir='ltr'>dep.</span> <span class='ocrx_word' id='word_1_109' title='bbox 1246 2070 1311 2136; x_wconf 82' lang='lat' dir='ltr'>mio.</span> <span class='ocrx_word' id='word_1_110' title='bbox 1406 2069 1409 2076; x_wconf 84' lang='lat'>&#39;</span> 
     </span>
    </p>
   </div>
   <div class='ocr_carea' id='block_1_3' title="bbox 358 2161 981 2313">
    <p class='ocr_par' dir='ltr' id='par_1_8' title="bbox 358 2161 981 2313">
     <span class='ocr_line' id='line_1_17' title="bbox 358 2161 981 2313; baseline -0.008 -83"><span class='ocrx_word' id='word_1_111' title='bbox 358 2161 399 2313; x_wconf 48' lang='grc' dir='ltr'>ἐξ</span> <span class='ocrx_word' id='word_1_112' title='bbox 414 2164 446 2230; x_wconf 91' lang='lat' dir='ltr'>S.</span> <span class='ocrx_word' id='word_1_113' title='bbox 472 2164 601 2230; x_wconf 81' lang='lat' dir='ltr'>Eusobii</span> <span class='ocrx_word' id='word_1_114' title='bbox 625 2162 681 2250; x_wconf 74' lang='lat' dir='ltr'>op.</span> <span class='ocrx_word' id='word_1_115' title='bbox 707 2170 739 2227; x_wconf 86' lang='lat' dir='ltr'>ct</span> <span class='ocrx_word' id='word_1_116' title='bbox 762 2162 802 2228; x_wconf 90' lang='lat' dir='ltr'>M.</span> <span class='ocrx_word' id='word_1_117' title='bbox 825 2161 981 2249; x_wconf 56' lang='lat' dir='ltr'>semideis),</span> 
     </span>
    </p>
   </div>
   <div class='ocr_carea' id='block_1_4' title="bbox 358 2336 1020 2821">
    <p class='ocr_par' dir='ltr' id='par_1_9' title="bbox 360 2336 399 2402">
     <span class='ocr_line' id='line_1_18' title="bbox 360 2336 399 2402; baseline 0.051 -2"><span class='ocrx_word' id='word_1_118' title='bbox 360 2336 399 2402; x_wconf 79' lang='lat' dir='ltr'>ts</span> 
     </span>
    </p>

    <p class='ocr_par' dir='ltr' id='par_1_10' title="bbox 360 2425 583 2504">
     <span class='ocr_line' id='line_1_19' title="bbox 360 2425 583 2504; baseline 0.013 -15"><span class='ocrx_word' id='word_1_119' title='bbox 360 2425 400 2491; x_wconf 81' lang='lat' dir='ltr'>io</span> <span class='ocrx_word' id='word_1_120' title='bbox 576 2495 583 2504; x_wconf 66' lang='lat'>‚</span> 
     </span>
    </p>

    <p class='ocr_par' dir='ltr' id='par_1_11' title="bbox 358 2513 542 2603">
     <span class='ocr_line' id='line_1_20' title="bbox 358 2513 542 2603; baseline 0.027 -25"><span class='ocrx_word' id='word_1_121' title='bbox 358 2513 542 2603; x_wconf 74' lang='lat' dir='ltr'>eovigtna.</span> 
     </span>
    </p>

    <p class='ocr_par' dir='ltr' id='par_1_12' title="bbox 358 2600 1020 2821">
     <span class='ocr_line' id='line_1_21' title="bbox 358 2600 1020 2754; baseline -0.003 -84"><span class='ocrx_word' id='word_1_122' title='bbox 358 2600 401 2754; x_wconf 48' lang='lat'>{3</span> <span class='ocrx_word' id='word_1_123' title='bbox 416 2604 448 2672; x_wconf 91' lang='lat' dir='ltr'>S.</span> <span class='ocrx_word' id='word_1_124' title='bbox 473 2606 603 2671; x_wconf 75' lang='lat' dir='ltr'>Thomas</span> <span class='ocrx_word' id='word_1_125' title='bbox 627 2605 737 2691; x_wconf 83' lang='lat' dir='ltr'>Apost.</span> <span class='ocrx_word' id='word_1_126' title='bbox 762 2603 837 2691; x_wconf 83' lang='lat' dir='ltr'>dap.</span> <span class='ocrx_word' id='word_1_127' title='bbox 861 2601 883 2667; x_wconf 90' lang='grc' dir='ltr'><strong>Μ</strong></span> <span class='ocrx_word' id='word_1_128' title='bbox 907 2600 1020 2668; x_wconf 77' lang='lat' dir='ltr'>cloacis.</span> 
     </span>
     <span class='ocr_line' id='line_1_22' title="bbox 359 2776 400 2821; baseline 0 -22"><span class='ocrx_word' id='word_1_129' title='bbox 359 2776 400 2821; x_wconf 56' lang='lat'>0!</span> 
     </span>
    </p>
   </div>
   <div class='ocr_carea' id='block_1_5' title="bbox 359 2797 1400 3749">
    <p class='ocr_par' dir='ltr' id='par_1_13' title="bbox 361 2797 400 2840">
     <span class='ocr_line' id='line_1_23' title="bbox 361 2797 400 2840; baseline 0 0"><span class='ocrx_word' id='word_1_130' title='bbox 361 2797 400 2840; x_wconf 64' lang='grc' dir='ltr'>.ιο</span> 
     </span>
    </p>

    <p class='ocr_par' dir='ltr' id='par_1_14' title="bbox 359 2862 541 2950">
     <span class='ocr_line' id='line_1_24' title="bbox 359 2862 541 2950; baseline 0.033 -24"><span class='ocrx_word' id='word_1_131' title='bbox 359 2862 402 2927; x_wconf 76' lang='lat' dir='ltr'>ei</span> <span class='ocrx_word' id='word_1_132' title='bbox 415 2866 541 2950; x_wconf 81' lang='lat' dir='ltr'>Vigilia.</span> 
     </span>
    </p>

    <p class='ocr_par' dir='ltr' id='par_1_15' title="bbox 359 2947 1378 3043">
     <span class='ocr_line' id='line_1_25' title="bbox 359 2947 1378 3043; baseline -0.001 -24"><span class='ocrx_word' id='word_1_133' title='bbox 359 2949 401 3013; x_wconf 86' lang='grc' dir='ltr'><strong>Μ5</strong></span> <span class='ocrx_word' id='word_1_134' title='bbox 416 2954 571 3021; x_wconf 85' lang='lat' dir='ltr'>Nativitas</span> <span class='ocrx_word' id='word_1_135' title='bbox 587 2956 623 3021; x_wconf 76' lang='lat' dir='ltr'>lt.</span> <span class='ocrx_word' id='word_1_136' title='bbox 640 2955 677 3020; x_wconf 88' lang='lat' dir='ltr'>N.</span> <span class='ocrx_word' id='word_1_137' title='bbox 694 2955 722 3020; x_wconf 87' lang='lat' dir='ltr'>J.</span> <span class='ocrx_word' id='word_1_138' title='bbox 741 2954 773 3020; x_wconf 82' lang='lat' dir='ltr'>C.</span> <span class='ocrx_word' id='word_1_139' title='bbox 791 2954 833 3019; x_wconf 81' lang='lat' dir='ltr'>dn</span> <span class='ocrx_word' id='word_1_140' title='bbox 859 3004 866 3018; x_wconf 91' lang='lat'><strong>.</strong></span> <span class='ocrx_word' id='word_1_141' title='bbox 886 2953 900 3018; x_wconf 85' lang='lat' dir='ltr'>i</span> <span class='ocrx_word' id='word_1_142' title='bbox 922 2954 959 3021; x_wconf 80' lang='lat' dir='ltr'>rt.</span> <span class='ocrx_word' id='word_1_143' title='bbox 977 2973 1049 3022; x_wconf 90' lang='lat' dir='ltr'>enm</span> <span class='ocrx_word' id='word_1_144' title='bbox 1066 2949 1188 3020; x_wconf 86' lang='lat' dir='ltr'>Octava</span> <span class='ocrx_word' id='word_1_145' title='bbox 1211 2947 1378 3043; x_wconf 71' lang='lat' dir='ltr'>privilegiat-</span> 
     </span>
    </p>

    <p class='ocr_par' dir='ltr' id='par_1_16' title="bbox 359 3037 1380 3198">
     <span class='ocr_line' id='line_1_26' title="bbox 359 3037 1380 3130; baseline -0.001 -24"><span class='ocrx_word' id='word_1_146' title='bbox 359 3037 401 3103; x_wconf 88' lang='grc' dir='ltr'><strong>Μ6</strong></span> <span class='ocrx_word' id='word_1_147' title='bbox 418 3040 449 3107; x_wconf 91' lang='lat' dir='ltr'>S.</span> <span class='ocrx_word' id='word_1_148' title='bbox 475 3041 628 3129; x_wconf 83' lang='lat' dir='ltr'>Stephani</span> <span class='ocrx_word' id='word_1_149' title='bbox 652 3044 794 3109; x_wconf 86' lang='lat' dir='ltr'>Protom.</span> <span class='ocrx_word' id='word_1_150' title='bbox 836 3064 894 3130; x_wconf 81' lang='lat' dir='ltr'>cp.</span> <span class='ocrx_word' id='word_1_151' title='bbox 918 3043 938 3108; x_wconf 93' lang='grc' dir='ltr'><strong>Μ</strong></span> <span class='ocrx_word' id='word_1_152' title='bbox 963 3045 1001 3109; x_wconf 84' lang='lat' dir='ltr'>el.</span> <span class='ocrx_word' id='word_1_153' title='bbox 1027 3061 1100 3107; x_wconf 90' lang='lat' dir='ltr'>cnm</span> <span class='ocrx_word' id='word_1_154' title='bbox 1124 3041 1244 3111; x_wconf 83' lang='lat' dir='ltr'>Octava</span> <span class='ocrx_word' id='word_1_155' title='bbox 1275 3053 1305 3110; x_wconf 91' lang='lat' dir='ltr'>et</span> <span class='ocrx_word' id='word_1_156' title='bbox 1325 3051 1380 3105; x_wconf 76' lang='lat' dir='ltr'>oon·</span> 
     </span>
     <span class='ocr_line' id='line_1_27' title="bbox 462 3129 1060 3198; baseline 0 -2"><span class='ocrx_word' id='word_1_157' title='bbox 462 3134 692 3197; x_wconf 73' lang='lat' dir='ltr'>memoratione</span> <span class='ocrx_word' id='word_1_158' title='bbox 715 3129 843 3196; x_wconf 75' lang='lat' dir='ltr'>Oetaeae</span> <span class='ocrx_word' id='word_1_159' title='bbox 867 3129 1060 3198; x_wconf 86' lang='lat' dir='ltr'>Nativitatis.</span> 
     </span>
    </p>

    <p class='ocr_par' dir='ltr' id='par_1_17' title="bbox 360 3209 1387 3306">
     <span class='ocr_line' id='line_1_28' title="bbox 360 3209 1387 3306; baseline -0.001 -27"><span class='ocrx_word' id='word_1_160' title='bbox 360 3213 400 3280; x_wconf 87' lang='grc' dir='ltr'><strong>Μ7</strong></span> <span class='ocrx_word' id='word_1_161' title='bbox 418 3217 450 3284; x_wconf 91' lang='lat' dir='ltr'>S.</span> <span class='ocrx_word' id='word_1_162' title='bbox 474 3218 606 3285; x_wconf 87' lang='lat' dir='ltr'>Jcannis</span> <span class='ocrx_word' id='word_1_163' title='bbox 629 3222 688 3306; x_wconf 88' lang='lat' dir='ltr'>Ap.</span> <span class='ocrx_word' id='word_1_164' title='bbox 714 3228 746 3285; x_wconf 84' lang='lat' dir='ltr'>et</span> <span class='ocrx_word' id='word_1_165' title='bbox 769 3219 823 3284; x_wconf 84' lang='lat' dir='ltr'>Mv.</span> <span class='ocrx_word' id='word_1_166' title='bbox 848 3219 878 3283; x_wconf 83' lang='lat' dir='ltr'>d.</span> <span class='ocrx_word' id='word_1_167' title='bbox 896 3219 917 3283; x_wconf 91' lang='grc' dir='ltr'><strong>Μ</strong></span> <span class='ocrx_word' id='word_1_168' title='bbox 934 3219 971 3284; x_wconf 82' lang='lat' dir='ltr'>cl.</span> <span class='ocrx_word' id='word_1_169' title='bbox 989 3239 1062 3286; x_wconf 90' lang='lat' dir='ltr'>cum</span> <span class='ocrx_word' id='word_1_170' title='bbox 1078 3218 1147 3285; x_wconf 84' lang='lat' dir='ltr'>Oct.</span> <span class='ocrx_word' id='word_1_171' title='bbox 1166 3228 1200 3285; x_wconf 81' lang='lat' dir='ltr'>et</span> <span class='ocrx_word' id='word_1_172' title='bbox 1216 3239 1295 3286; x_wconf 88' lang='lat' dir='ltr'>eom.</span> <span class='ocrx_word' id='word_1_173' title='bbox 1310 3209 1387 3283; x_wconf 80' lang='lat' dir='ltr'>coo·</span> 
     </span>
    </p>

    <p class='ocr_par' dir='ltr' id='par_1_18' title="bbox 360 3297 1389 3396">
     <span class='ocr_line' id='line_1_29' title="bbox 360 3297 1389 3396; baseline -0.004 -23"><span class='ocrx_word' id='word_1_174' title='bbox 360 3303 402 3368; x_wconf 71' lang='grc' dir='ltr'><strong>ΜΒ</strong></span> <span class='ocrx_word' id='word_1_175' title='bbox 418 3306 468 3373; x_wconf 88' lang='lat' dir='ltr'>Ss.</span> <span class='ocrx_word' id='word_1_176' title='bbox 485 3307 706 3373; x_wconf 82' lang='lat' dir='ltr'>innocentium</span> <span class='ocrx_word' id='word_1_177' title='bbox 722 3307 795 3372; x_wconf 90' lang='lat' dir='ltr'>Mm.</span> <span class='ocrx_word' id='word_1_178' title='bbox 810 3306 886 3396; x_wconf 80' lang='lat' dir='ltr'>dep.</span> <span class='ocrx_word' id='word_1_179' title='bbox 900 3306 920 3371; x_wconf 93' lang='grc' dir='ltr'><strong>Μ</strong></span> <span class='ocrx_word' id='word_1_180' title='bbox 937 3307 974 3372; x_wconf 81' lang='lat' dir='ltr'>ct.</span> <span class='ocrx_word' id='word_1_181' title='bbox 993 3329 1065 3374; x_wconf 89' lang='lat' dir='ltr'>cnm</span> <span class='ocrx_word' id='word_1_182' title='bbox 1083 3308 1153 3374; x_wconf 79' lang='lat' dir='ltr'>Oet.</span> <span class='ocrx_word' id='word_1_183' title='bbox 1168 3317 1202 3374; x_wconf 86' lang='lat' dir='ltr'>et</span> <span class='ocrx_word' id='word_1_184' title='bbox 1218 3329 1298 3374; x_wconf 88' lang='lat' dir='ltr'>com.</span> <span class='ocrx_word' id='word_1_185' title='bbox 1311 3305 1327 3369; x_wconf 81' lang='grc'><strong>5</strong></span> <span class='ocrx_word' id='word_1_186' title='bbox 1339 3297 1389 3366; x_wconf 74' lang='lat' dir='ltr'>Oti·</span> 
     </span>
    </p>

    <p class='ocr_par' dir='ltr' id='par_1_19' title="bbox 360 3385 1393 3482">
     <span class='ocr_line' id='line_1_30' title="bbox 360 3385 1393 3482; baseline -0.004 -21"><span class='ocrx_word' id='word_1_187' title='bbox 360 3392 402 3458; x_wconf 85' lang='grc' dir='ltr'><strong>Μ9</strong></span> <span class='ocrx_word' id='word_1_188' title='bbox 418 3394 451 3462; x_wconf 92' lang='lat' dir='ltr'>S.</span> <span class='ocrx_word' id='word_1_189' title='bbox 466 3396 596 3462; x_wconf 76' lang='lat' dir='ltr'>Thomas</span> <span class='ocrx_word' id='word_1_190' title='bbox 609 3396 811 3462; x_wconf 85' lang='lat' dir='ltr'>Cantnarien.</span> <span class='ocrx_word' id='word_1_191' title='bbox 825 3394 883 3482; x_wconf 80' lang='lat' dir='ltr'>sp.</span> <span class='ocrx_word' id='word_1_192' title='bbox 897 3403 929 3461; x_wconf 89' lang='lat' dir='ltr'>et</span> <span class='ocrx_word' id='word_1_193' title='bbox 941 3395 980 3460; x_wconf 94' lang='lat' dir='ltr'>M.</span> <span class='ocrx_word' id='word_1_194' title='bbox 994 3397 1103 3462; x_wconf 74' lang='lat' dir='ltr'>samio.</span> <span class='ocrx_word' id='word_1_195' title='bbox 1123 3415 1196 3460; x_wconf 88' lang='lat' dir='ltr'>eum</span> <span class='ocrx_word' id='word_1_196' title='bbox 1215 3416 1295 3462; x_wconf 88' lang='lat' dir='ltr'>eom.</span> <span class='ocrx_word' id='word_1_197' title='bbox 1310 3385 1393 3457; x_wconf 65' lang='lat' dir='ltr'>SOM-</span> 
     </span>
    </p>

    <p class='ocr_par' dir='ltr' id='par_1_20' title="bbox 361 3479 1398 3660">
     <span class='ocr_line' id='line_1_31' title="bbox 361 3479 1394 3551; baseline -0.005 -5"><span class='ocrx_word' id='word_1_198' title='bbox 361 3481 403 3546; x_wconf 78' lang='grc'>50</span> <span class='ocrx_word' id='word_1_199' title='bbox 419 3484 463 3551; x_wconf 79' lang='lat' dir='ltr'>[te</span> <span class='ocrx_word' id='word_1_200' title='bbox 486 3484 652 3551; x_wconf 84' lang='lat' dir='ltr'>Dominica</span> <span class='ocrx_word' id='word_1_201' title='bbox 676 3482 757 3549; x_wconf 81' lang='lat' dir='ltr'>inira</span> <span class='ocrx_word' id='word_1_202' title='bbox 781 3480 935 3549; x_wconf 79' lang='lat' dir='ltr'>Octavam</span> <span class='ocrx_word' id='word_1_203' title='bbox 958 3483 1140 3550; x_wconf 83' lang='lat' dir='ltr'>Nativitatis</span> <span class='ocrx_word' id='word_1_204' title='bbox 1164 3485 1216 3550; x_wconf 88' lang='lat' dir='ltr'>vel</span> <span class='ocrx_word' id='word_1_205' title='bbox 1240 3484 1279 3549; x_wconf 86' lang='lat' dir='ltr'>de</span> <span class='ocrx_word' id='word_1_206' title='bbox 1300 3479 1394 3547; x_wconf 71' lang='lat' dir='ltr'>oetan·</span> 
     </span>
     <span class='ocr_line' id='line_1_32' title="bbox 461 3571 1398 3660; baseline -0.01 -22"><span class='ocrx_word' id='word_1_207' title='bbox 461 3572 643 3639; x_wconf 85' lang='lat' dir='ltr'>Nativitatis</span> <span class='ocrx_word' id='word_1_208' title='bbox 667 3571 819 3660; x_wconf 79' lang='lat' dir='ltr'>semidcp.</span> <span class='ocrx_word' id='word_1_209' title='bbox 837 3592 910 3638; x_wconf 91' lang='lat' dir='ltr'>cum</span> <span class='ocrx_word' id='word_1_210' title='bbox 928 3592 1045 3640; x_wconf 91' lang='lat' dir='ltr'>comm.</span> <span class='ocrx_word' id='word_1_211' title='bbox 1063 3573 1200 3638; x_wconf 87' lang='lat' dir='ltr'>aliarum</span> <span class='ocrx_word' id='word_1_212' title='bbox 1217 3571 1398 3638; x_wconf 78' lang='lat' dir='ltr'>octavano-</span> 
     </span>
    </p>

    <p class='ocr_par' dir='ltr' id='par_1_21' title="bbox 362 3655 1400 3749">
     <span class='ocr_line' id='line_1_33' title="bbox 362 3655 1400 3749; baseline -0.002 -27"><span class='ocrx_word' id='word_1_213' title='bbox 362 3656 397 3719; x_wconf 76' lang='lat' dir='ltr'><strong>M</strong></span> <span class='ocrx_word' id='word_1_214' title='bbox 418 3657 450 3724; x_wconf 89' lang='lat' dir='ltr'>S.</span> <span class='ocrx_word' id='word_1_215' title='bbox 475 3659 623 3727; x_wconf 87' lang='lat' dir='ltr'>Silvestri</span> <span class='ocrx_word' id='word_1_216' title='bbox 646 3661 704 3746; x_wconf 86' lang='lat' dir='ltr'>Pp.</span> <span class='ocrx_word' id='word_1_217' title='bbox 730 3670 763 3726; x_wconf 88' lang='lat' dir='ltr'>et</span> <span class='ocrx_word' id='word_1_218' title='bbox 785 3661 818 3726; x_wconf 84' lang='lat' dir='ltr'>C.</span> <span class='ocrx_word' id='word_1_219' title='bbox 844 3661 920 3749; x_wconf 76' lang='lat' dir='ltr'>dap.</span> <span class='ocrx_word' id='word_1_220' title='bbox 937 3662 1015 3727; x_wconf 80' lang='lat' dir='ltr'>mio.</span> <span class='ocrx_word' id='word_1_221' title='bbox 1034 3681 1107 3728; x_wconf 82' lang='lat' dir='ltr'>oum</span> <span class='ocrx_word' id='word_1_222' title='bbox 1132 3679 1249 3726; x_wconf 89' lang='lat' dir='ltr'>comm.</span> <span class='ocrx_word' id='word_1_223' title='bbox 1267 3660 1288 3726; x_wconf 75' lang='grc'><strong>4</strong></span> <span class='ocrx_word' id='word_1_224' title='bbox 1308 3655 1400 3723; x_wconf 73' lang='lat' dir='ltr'>cern·</span> 
     </span>
    </p>
   </div>
   <div class='ocr_carea' id='block_1_6' title="bbox 344 3865 1404 4114">
    <p class='ocr_par' dir='ltr' id='par_1_22' title="bbox 344 3865 1404 4114">
     <span class='ocr_line' id='line_1_34' title="bbox 404 3865 1404 3953; baseline -0.002 -22"><span class='ocrx_word' id='word_1_225' title='bbox 404 3875 438 3931; x_wconf 91' lang='lat' dir='ltr'>N.</span> <span class='ocrx_word' id='word_1_226' title='bbox 461 3877 491 3934; x_wconf 89' lang='lat' dir='ltr'>B.</span> <span class='ocrx_word' id='word_1_227' title='bbox 513 3907 552 3920; x_wconf 90' lang='lat'>-—</span> <span class='ocrx_word' id='word_1_228' title='bbox 573 3879 784 3936; x_wconf 75' lang='lat' dir='ltr'>Aderototc&#39;onos</span> <span class='ocrx_word' id='word_1_229' title='bbox 806 3880 839 3936; x_wconf 81' lang='lat' dir='ltr'>in</span> <span class='ocrx_word' id='word_1_230' title='bbox 861 3880 949 3937; x_wconf 81' lang='lat' dir='ltr'>Festa</span> <span class='ocrx_word' id='word_1_231' title='bbox 970 3879 1152 3953; x_wconf 78' lang='lat' dir='ltr'>supradicta</span> <span class='ocrx_word' id='word_1_232' title='bbox 1165 3874 1338 3937; x_wconf 78' lang='lat' dir='ltr'>Kalendcrii</span> <span class='ocrx_word' id='word_1_233' title='bbox 1351 3865 1404 3922; x_wconf 51' lang='grc' dir='ltr'>ΜΡ</span> 
     </span>
     <span class='ocr_line' id='line_1_35' title="bbox 346 3937 1401 4032; baseline 0.006 -23"><span class='ocrx_word' id='word_1_234' title='bbox 346 3955 431 4010; x_wconf 76' lang='grc' dir='ltr'>υιαπί</span> <span class='ocrx_word' id='word_1_235' title='bbox 449 3956 580 4015; x_wconf 73' lang='lat' dir='ltr'>videnda</span> <span class='ocrx_word' id='word_1_236' title='bbox 600 3968 668 4015; x_wconf 81' lang='lat' dir='ltr'>scot</span> <span class='ocrx_word' id='word_1_237' title='bbox 689 3956 774 4032; x_wconf 70' lang='lat' dir='ltr'>cefro</span> <span class='ocrx_word' id='word_1_238' title='bbox 797 3959 827 4018; x_wconf 81' lang='lat' dir='ltr'>in</span> <span class='ocrx_word' id='word_1_239' title='bbox 844 3958 1031 4017; x_wconf 76' lang='lat' dir='ltr'>Kotradore‘o</span> <span class='ocrx_word' id='word_1_240' title='bbox 1051 3959 1148 4016; x_wconf 82' lang='lat' dir='ltr'>trium</span> <span class='ocrx_word' id='word_1_241' title='bbox 1171 3959 1314 4019; x_wconf 77' lang='lat' dir='ltr'>Ordinem</span> <span class='ocrx_word' id='word_1_242' title='bbox 1331 3937 1401 4008; x_wconf 68' lang='lat' dir='ltr'>SP-</span> 
     </span>
     <span class='ocr_line' id='line_1_36' title="bbox 344 4033 1204 4114; baseline 0.01 -24"><span class='ocrx_word' id='word_1_243' title='bbox 344 4033 505 4096; x_wconf 73' lang='lat' dir='ltr'>Frnrre‘scr‘</span> <span class='ocrx_word' id='word_1_244' title='bbox 518 4043 589 4112; x_wconf 80' lang='lat' dir='ltr'>post</span> <span class='ocrx_word' id='word_1_245' title='bbox 609 4038 743 4114; x_wconf 72' lang='lat' dir='ltr'>siccatos</span> <span class='ocrx_word' id='word_1_246' title='bbox 766 4040 864 4112; x_wconf 76' lang='lat' dir='ltr'>ipsios</span> <span class='ocrx_word' id='word_1_247' title='bbox 885 4039 1001 4098; x_wconf 82' lang='lat' dir='ltr'>Menses</span> <span class='ocrx_word' id='word_1_248' title='bbox 1023 4037 1204 4099; x_wconf 77' lang='lat' dir='ltr'>distributo.</span> 
     </span>
    </p>
   </div>
   <div class='ocr_carea' id='block_1_7' title="bbox 0 0 1757 4875">
    <p class='ocr_par' dir='ltr' id='par_1_23' title="bbox 0 0 1757 4875">
     <span class='ocr_line' id='line_1_37' title="bbox 0 0 1757 4875; baseline 0 0"><span class='ocrx_word' id='word_1_249' title='bbox 0 0 1757 4875; x_wconf 95' lang='lat' dir='ltr'> </span> 
     </span>
    </p>
   </div>
  </div>
 </body>
</html>
