3484 4875
535 513 906 562 nonornrronasmmsrt
923 514 1086 563 66661666
1254 496 1317 565 766

316 635 399 685 :asu
421 629 515 687 erunt
538 621 577 688 de
600 621 907 689 Commemoratione
930 621 1155 690 Defunctorum
1186 630 1222 690 61
1248 623 1336 690 alibi.

316 704 354 773 ἶ.
377 708 413 774 R.
440 709 471 776 C.
495 710 538 775 lb
568 712 651 801 Sept.
676 711 761 778 1667
790 712 823 777 io
849 711 1034 778 Tridentino.
1059 710 1209 792 Quamvis
1239 731 1336 798 porro

316 791 424 863 lissa
451 798 490 863 de
518 798 824 873 Commemoratione
846 801 910 866 sint
932 800 1152 876 celebrande,
1183 800 1338 887 applicari

316 884 526 952 rinitontnus
549 896 683 975 possunt
712 910 771 977 pro
800 908 875 965 uno,
898 910 955 976 pro
978 890 1123 975 pluribus
1146 889 1196 954 vel
1219 908 1277 975 pro
1301 910 1335 955 o·

316 974 448 1041 unibus
470 975 632 1043 Defunctis
652 978 742 1064 juxta
758 978 963 1045 intentionem
987 987 1019 1044 et
1041 977 1267 1062 obligationem
1283 976 1336 1044 Ce-

316 1061 485 1129 ebrautis.
509 1066 540 1131 S.
564 1066 600 1133 R.
628 1065 704 1133 Cb
733 1067 812 1154 Atro.
838 1067 922 1133 1665
952 1068 984 1132 io
1013 1087 1075 1132 aaa
1104 1065 1337 1132 Dalmatiarum

316 1150 363 1216 td
384 1151 414 1219 9.
439 1152 498 1218 Ubi
522 1154 611 1219 deest
632 1154 794 1222 indultum
816 1154 1046 1241 Apostolicum,
1069 1163 1118 1221 est
1142 1174 1274 1240 prorsus
1296 1154 1334 1219 il·

316 1240 419 1306 ritum
437 1249 472 1306 ut
494 1241 526 1307 in
549 1242 681 1329 prelata
701 1244 1007 1311 Commemoratione
1027 1244 1066 1309 ab
1084 1264 1146 1309 uno
1163 1242 1337 1309 Sacerdote

317 1346 370 1423 Aer
390 1328 524 1396 Sacrum
548 1333 619 1409 661,
643 1332 719 1417 quin
742 1334 845 1399 valeat
867 1334 991 1420 uspiam
1013 1332 1054 1398 ad
1077 1332 1108 1397 id
1132 1334 1250 1418 quavis
1273 1330 1336 1398 sul·

320 1419 439 1502 rogari
463 1420 667 1486 consuetudo.
691 1420 891 1507 Quapropter
910 1422 991 1507 juris
1013 1420 1162 1488 remediis
1183 1440 1219 1485 66
1240 1419 1336 1486 etiam
1355 1443 1370 1473 ν

317 1506 489 1574 ntcrdicto
513 1508 679 1574 coercendi
702 1518 776 1575 sunt
799 1510 838 1576 ab
862 1510 1040 1597 Episcopo,
1071 1510 1124 1595 qui
1148 1528 1240 1574 secus
1263 1527 1335 1593 ege·
1387 1584 1396 1609 ·

317 1593 393 1661 ‘int
418 1596 449 1661 S.
474 1596 510 1661 R.
529 1597 561 1664 C.
584 1598 822 1664 1611661676
846 1598 878 1664 ia
892 1599 1040 1664 Arberoa.
1064 1598 1159 1663 blissa
1182 1597 1336 1683 crijnsqae

317 1675 514 1762 {scordotis
536 1684 596 1751 bac
613 1686 928 1754 Commemorationis
945 1687 1006 1766 die,
1030 1686 1194 1773 privilegio
1218 1685 1335 1769 gaudet

317 1764 440 1838 bltaris
463 1775 673 1860 privilegiati,
706 1795 744 1840 ex
771 1777 975 1843 concessione
998 1775 1168 1842 Clementis
1196 1773 1268 1840 x111
1293 1773 1333 1840 19

317 1856 391 1947 ttaj.
410 1862 509 1936 1761;
534 1883 552 1929 6
575 1883 637 1949 quo
662 1871 767 1929 tamen
791 1865 953 1931 decretum
977 1873 1035 1940 est,
1059 1872 1095 1930 ut
1117 1863 1242 1930 nonnisi
1263 1883 1336 1928 aon·

317 1958 411 2015 sueta
434 1952 633 2039 eleemosyna
663 1972 721 2038 pro
744 1972 781 2018 66
804 1953 921 2030 blissa,
949 1954 1092 2039 quamvis
1115 1952 1335 2039 privilegiata,

318 2038 505 2124 accipiatur.
522 2040 664 2106 Tandem
687 2040 737 2106 die
754 2041 813 2107 bac
835 2043 899 2128 legi
922 2043 1031 2128 nequit
1046 2041 1141 2107 Missa
1163 2060 1221 2127 pro
1244 2041 1334 2118 vivis,

318 2141 347 2191 u.
369 2146 419 2211 gr.
444 2149 501 2214 pro
525 2128 672 2206 lnllrmis,
695 2130 859 2195 dumtaxat
882 2139 1013 2216 excepta
1040 2149 1110 2215 qua
1138 2129 1254 2195 dicitur
1275 2148 1334 2214 pro

318 2209 454 2301 Sponsis
483 2218 515 2283 in
544 2218 732 2303 Nuptiarum
761 2217 990 2285 benedictione.
1021 2216 1052 2283 S.
1082 2216 1117 2282 a.
1145 2216 1177 2283 C.
1208 2216 1333 2305 78cpt.

318 2300 405 2370 ¹850
431 2305 462 2368 ia
491 2306 636 2371 Veronea.
661 2308 702 2372 ad
724 2307 754 2373 1.

361 2392 413 2459 lV.
438 2394 597 2462 Privatam
619 2415 678 2482 pro
702 2396 752 2462 die
768 2388 828 2462 bac
851 2393 951 2462 Officii
974 2393 1200 2462 Defunctornm
1221 2393 1334 2460 recita·

318 2482 437 2547 tionem
469 2484 543 2549 licet
572 2486 752 2570 persolvere
781 2485 883 2571 pridie
907 2493 978 2570 post
1001 2484 1171 2571 Vespera5‚
1196 2483 1263 2548 sole
1286 2489 1333 2549 16-

318 2589 390 2636 men
407 2572 584 2638 occidente:
601 2574 633 2645 io
650 2573 752 2639 Cboro
769 2584 874 2640 autem
896 2574 950 2639 illa
964 2574 1054 2660 juxta
1071 2572 1224 2638 Rubrioas
1241 2590 1335 2637 mane

318 2657 380 2725 diei
404 2662 541 2747 propriae
564 2661 765 2748 adimplenda
789 2671 847 2738 est,
873 2664 954 2738 nisi,
976 2670 1012 2728 nt
1034 2662 1169 2748 populus
1193 2679 1333 2727 commo·

319 2746 390 2813 dius
422 2758 453 2815 et
483 2748 680 2836 frequentius
703 2752 749 2816 illi
773 2752 920 2827 intersit,
952 2751 1111 2817 contraria
1135 2749 1203 2836 jam
1229 2750 1335 2832 vigeat

319 2837 525 2903 consuetudo.
549 2840 581 2904 S.
605 2839 640 2904 lt.
662 2838 693 2905 C.
717 2840 739 2906 1
761 2840 844 2928 Sept.
870 2839 955 2906 1715
978 2842 1010 2905 ia
1032 2838 1224 2905 Ratisboaaa.
1247 2836 1335 2903 tnti-

319 2926 418 3011 cipari
435 2928 530 2992 etiam
547 2935 651 3013 potest
674 2929 705 2993 in
728 2927 979 3005 Catbedralibus‚
996 2937 1153 3016 prasente
1168 2927 1334 3014 Episcopo.

319 3012 451 3080 Coercm.
475 3014 532 3103 ap.
556 3016 607 3082 lib.
632 3017 652 3082 6
676 3039 702 3082 6.
729 3017 780 3083 16.

360 3100 396 3167 V.
422 3102 511 3170 Haud
536 3104 731 3190 permittitur
753 3103 888 3173 Octavas
911 3127 969 3194 pro
985 3106 1147 3173 Delunctis
1164 3103 1331 3180 celebrari,

319 3192 497 3275 prasertim
519 3191 601 3259 inira
617 3191 769 3261 Octavam
792 3195 933 3262 omnium
957 3195 1157 3268 Sanctorum,
1178 3194 1246 3258 sino
1261 3212 1330 3278 spe-

319 3279 391 3344 ciali
415 3283 598 3366 Apostolioo
621 3281 757 3349 lndulto.
781 3284 812 3357 S.
837 3283 873 3349 R.
894 3284 925 3349 C.
950 3284 990 3349 15
1014 3284 1062 3349 Au
1086 3280 1333 3348 ,1667161166

319 3367 469 3435 Romana.
486 3369 604 3436 Veram
627 3370 807 3437 Caralcrius
830 3371 922 3455 (16.7
945 3371 1031 3437 616
1054 3304 1120 3436 169
1144 3392 1174 3435 a.
1197 3367 1240 3454 1)
1263 3387 1334 3433 een·

320 3464 376 3533 set,
393 3477 447 3524 eas
471 3466 596 3525 tanturn
620 3459 781 3544 probiberi
797 3457 942 3535 octavas,
958 3479 1015 3545 per
1037 3477 1116 3545 quas
1140 3457 1250 3522 diebus
1272 3457 1334 3521 sin·

320 3546 414 3627 gulis,
431 3547 527 3612 etiam
551 3547 730 3634 duplicibus
753 3549 802 3613 vel
826 3547 957 3624 lestinis
974 3547 1160 3613 decantetur
1175 3545 1270 3610 Missa
1293 3544 1331 3609 dc

320 3632 448 3721 lieqnie,
471 3637 520 3701 vel
543 3637 575 3702 io
599 3636 850 3713 Cathodralibus‚
874 3636 1057 3721 Collegiatis
1080 3644 1112 3700 et
1134 3633 1328 3699 666666166-

320 3721 405 3789 libus
435 3723 579 3791 Officium
611 3727 776 3791 omittatur
804 3734 859 3791 aut
888 3725 984 3791 Missa
1014 3725 1075 3790 diei
1099 3723 1268 3799 currentis,
1298 3729 1335 3788 at

320 3831 431 3898 nempe
462 3821 595 3879 canatur
617 3812 761 3881 Officium
792 3816 841 3881 vel
871 3813 968 3881 Missa
988 3813 1237 3886 llelunctorum;
1270 3831 1333 3876 non

320 3900 389 3965 illas
413 3902 511 3978 item,
542 3923 600 3989 per
622 3923 701 3988 qaas
724 3903 811 3969 nulla
833 3902 1003 3970 intervenit
1026 3901 1236 3968 Rubriearum
1267 3901 1332 3965 vio·

320 3989 405 4066 latio,
421 3998 453 4056 61
470 4001 584 4058 cuncta
601 3994 632 4058 in
656 3989 764 4058 Officio
781 4000 814 4058 et
828 3993 923 4059 ldissa
939 3990 1001 4058 diei
1016 3991 1078 4058 rite
1093 3989 1309 4079 perficiuntur.

324 4113 369 4128 -
392 4077 438 4145 lix
463 4079 595 4148 Decreta
618 4080 681 4149 diei
704 4081 744 4149 16
767 4081 886 4170 Aprilis
910 4077 1234 4178 165716666061.
1257 4076 1330 4142 llio.
