3484 4875
372 478 434 545 tlt
651 493 826 541 tunorium
843 493 917 541 rosr
934 495 1118 545 curcumitu
1195 557 1198 562 ,

341 603 541 670 bominieam
558 600 811 690 Septuagesimm
827 603 1006 678 antecedet,
1023 605 1085 670 nisi
1107 602 1268 689 impediatur
1282 601 1292 668 l

342 712 456 758 novem
479 690 666 757 Lectionum
691 690 729 755 de
754 697 916 776 praecepto
941 688 1075 777 (quoad
1099 692 1190 758 Festa
1210 691 1241 757 ad
1258 690 1292 755 libi

345 780 477 846 consule
500 780 574 845 cd
605 799 636 844 n.
662 777 731 863 l5)
764 777 884 863 duplici
917 780 966 844 uel
998 780 1198 867 semiduplici
1222 798 1289 844 occur

344 870 393 935 vel
418 868 575 933 translato
600 874 655 932 aut
678 867 786 951 aliqua
811 864 939 931 Octava.
965 866 1006 931 tt
1038 870 1123 933 enim
1147 869 1174 933 si
1194 870 1232 933 ita
1250 868 1292 951 inp

345 964 407 1031 tur,
425 953 571 1022 Officium
594 954 768 1019 dominicae
792 953 955 1039 praedictae
979 955 1012 1019 in
1036 957 1100 1021 alia
1117 958 1286 1043 persolvetur

289 1040 293 1052 '
344 1042 470 1110 cedenti
486 1043 580 1108 Furia
603 1042 707 1107 eidem
723 1040 865 1107 Sabbato
890 1043 993 1126 magis
1019 1045 1205 1129 propinqua,
1220 1052 1292 1128 putat

347 1133 458 1218 quinta
482 1139 555 1207 etc,
572 1150 642 1216 qum
667 1149 730 1195 non
754 1128 851 1194 inerit
874 1130 1024 1195 similiter
1041 1132 1202 1218 impedita.
1218 1131 1289 1197 llubr.

344 1242 374 1284 n.
398 1218 472 1284 det
496 1221 524 1284 5.
550 1218 622 1284 Jam
656 1237 729 1282 vero
762 1216 800 1281 do
826 1217 991 1282 bominica
1023 1220 1223 1305 anticipandae
1248 1238 1276 1282 eo

345 1314 459 1391 agetur
483 1325 577 1391 quem
601 1306 806 1392 exposuimus
830 1326 861 1370 n.
888 1305 929 1379 5;
954 1325 992 1371 ac
1016 1307 1043 1371 si
1073 1309 1143 1393 ipsa
1168 1308 1292 1373 Dominio

346 1394 421 1460 beat
443 1394 573 1480 quidem
595 1393 646 1479 ild.
673 1395 803 1479 propria
827 1392 868 1457 ad
892 1392 1069 1468 Lectiones,
1088 1395 1145 1461 sed
1170 1396 1233 1460 baec
1250 1395 1292 1479 jau

345 1480 464 1548 inerint
487 1483 643 1556 recitata,
670 1490 744 1546 tunc
768 1479 819 1566 rid.
844 1480 1034 1547 hauriantur
1057 1502 1074 1546 e
1099 1482 1191 1548 Feria
1214 1502 1292 1547 occur

345 1571 378 1635 in
395 1569 537 1635 Sabbato
562 1577 669 1635 autem
694 1589 731 1633 ex
755 1568 847 1633 Feria
864 1577 989 1654 quarta.
1008 1570 1104 1635 Rubr.
1123 1572 1167 1636 tit.
1186 1572 1225 1636 nl
1247 1572 1292 1634 ui

346 1656 380 1722 Si
404 1658 506 1743 pridie
523 1657 590 1743 ejus
615 1656 687 1733 diei,
705 1676 767 1742 qua
784 1654 932 1721 Ollicium
955 1655 1129 1723 llominicm
1147 1662 1292 1745 anticipen

346 1745 604 1831 persolvendum,
621 1753 728 1810 aetum
754 1745 796 1809 sit
819 1744 859 1809 de
882 1744 985 1821 Faria,
1010 1753 1065 1810 aut
1090 1747 1129 1812 de
1152 1747 1243 1813 Festo
1265 1748 1292 1811 st

346 1841 379 1898 et
403 1852 464 1897 uua
488 1852 561 1899 cum
578 1830 688 1898 utuoio
712 1832 887 1898 llominicaa
911 1833 1041 1919 aliquod
1064 1834 1196 1900 Festum
1220 1837 1292 1921 simp

346 1928 471 1997 currat,
496 1920 643 2006 Vespera
667 1928 761 1986 erunt
785 1920 823 1985 de
847 1920 939 1986 Faria
964 1924 1105 1987 currenti
1130 1944 1204 1989 euna
1227 1944 1291 1989 corn

345 2009 470 2074 ratione
494 2009 657 2094 sequentis
681 2008 854 2093 Simplicis.
880 2008 961 2094 Ipsae
986 2010 1069 2074 euim
1096 2021 1257 2096 nequeunt
1285 2032 1292 2074 t

350 2095 496 2184 Simplici
521 2096 725 2183 praecedenti,
749 2097 823 2182 quia
847 2096 916 2183 ejus
933 2095 1078 2162 Officium
1104 2098 1199 2165 desiit
1222 2100 1292 2165 adl

346 2205 406 2251 nec
430 2186 469 2251 de
492 2185 658 2251 Dominica
683 2184 904 2269 anticipanda,
929 2186 1003 2270 quia
1027 2186 1096 2272 ejus
1130 2186 1275 2253 Ollicium

346 2274 564 2340 ablatulino:
591 2292 649 2338 uec
674 2272 810 2357 denique
838 2272 878 2337 de
905 2276 1052 2357 sequenti
1084 2273 1247 2360 Simplici,
1271 2296 1290 2360 q

346 2370 476 2449 postera
499 2369 589 2429 earet
612 2357 741 2437 Ollieio,
765 2360 901 2446 ideoque
933 2368 966 2425 et
996 2362 1109 2448 primis
1133 2363 1282 2450 Vesperis

346 2472 479 2518 necesse
502 2459 573 2527 est;
598 2457 693 2517 erunt
715 2451 814 2534 igitur
838 2450 877 2514 de
900 2449 1009 2526 Feria,
1034 2451 1124 2536 eujus
1149 2451 1292 2519 Officium

347 2541 446 2606 terius
471 2539 657 2607 defunctum
681 2558 808 2623 semper
831 2538 1047 2604 substituitur.
1073 2539 1171 2605 Febr.
1197 2543 1242 2607 tit.
1269 2542 1292 2605 l

347 2639 376 2692 et
402 2628 506 2694 Cneol.
532 2640 571 2694 to.
596 2627 616 2692 2
641 2649 666 2691 c.
694 2626 735 2691 ld
758 2626 788 2690 ol.
812 2626 833 2691 b
856 2649 887 2690 n.
915 2626 966 2691 tl.

416 2717 446 2780 7.
472 2715 580 2781 Sicubi
605 2724 672 2780 tota
695 2713 902 2779 Hebdomada
928 2715 1081 2802 impedita
1106 2718 1148 2780 sit
1172 2716 1277 2783 Fastis

347 2801 546 2879 Lectionum,
563 2813 599 2869 ut
622 2822 719 2888 supra
744 2823 774 2867 n.
793 2801 824 2877 a,
843 2810 918 2867 tunc
941 2803 973 2868 in
997 2803 1139 2869 Sabbato
1157 2814 1233 2870 ante
1250 2806 1290 2870 Se

347 2890 473 2966 simam,
497 2891 633 2974 legenda
656 2891 718 2955 erit
742 2891 761 2956 9
785 2889 893 2954 Lectio
918 2891 1058 2956 homiliae
1083 2903 1114 2957 et
1139 2913 1292 2978 peragent·

345 2979 535 3043 memoratio
553 2977 726 3044 llominicae
744 2977 956 3064 anticipandae
973 2980 1018 3044 uli
1036 2981 1266 3066 explicavimus
1285 3005 1292 3047 t

346 3065 374 3130 si
396 3065 429 3129 in
453 3065 565 3131 eodem
582 3065 722 3131 Sabbato
747 3074 898 3131 occurrat
915 3066 981 3132 dies
999 3066 1080 3132 inira
1099 3069 1242 3153 aliquam
1260 3068 1292 3134 Οι

345 3151 470 3237 legetur
495 3153 615 3239 pariter
639 3154 658 3219 u
683 3154 792 3219 Lectio
808 3152 983 3220 Dominicae
1005 3156 1138 3242 ejusque
1155 3156 1211 3222 stet
1229 3178 1292 3223 corr

345 3242 428 3307 ratio
452 3249 487 3308 ut
511 3242 606 3328 paulo
631 3249 705 3307 ante
738 3242 1044 3308 animadvertimus:
1069 3243 1127 3308 sed
1150 3244 1258 3310 Missae-
1282 3269 1292 3311 ε

344 3329 459 3397 lemnis
483 3331 549 3396 sive
574 3332 705 3417 privatae
729 3340 823 3396 erunt
846 3330 886 3395 de
909 3331 979 3416 ipsa
1007 3331 1191 3410 llominioa,
1218 3355 1283 3399 nou

345 3417 428 3486 inira
453 3417 616 3486 Octavam.
640 3419 721 3485 Huic
750 3420 836 3484 enim
868 3421 957 3484 casui
986 3421 1080 3504 plane
1111 3428 1188 3485 sunt
1221 3423 1292 3508 appl

345 3526 416 3591 qum
438 3507 521 3574 iulra
545 3507 604 3572 sub
630 3506 680 3571 die
702 3506 745 3571 25
777 3506 945 3571 Februarii
977 3527 1008 3572 n.
1032 3506 1088 3570 Vll
1121 3510 1292 3595 praecipien

343 3593 461 3678 vigilia
484 3596 534 3660 vel
558 3594 650 3660 Feria
674 3593 834 3660 incidente
862 3593 945 3660 iufra
963 3595 1133 3669 Octavam3
1158 3596 1191 3660 id
1218 3619 1292 3664 uuui

345 3700 407 3765 pe:
430 3684 555 3748 scilicet
578 3702 658 3769 opus
683 3689 732 3748 ost
755 3690 791 3747 ut
814 3684 905 3748 color
937 3682 1201 3749 indumentorum
1229 3687 1272 3752 sit

343 3766 471 3835 Octava
494 3773 696 3837 convenicus.

373 3927 379 3934 ,
411 3855 442 3922 8.
460 3855 494 3922 Si
518 3859 688 3945 anticipari
705 3856 851 3924 llllicium
868 3858 1042 3925 Dominicae
1060 3861 1229 3945 contingat
1245 3868 1278 3929 in

343 3951 439 4098 erupi
461 3945 670 4024 obseruanda,
695 3967 765 4032 quae
789 3947 871 4014 inlra
896 3948 955 4014 sub
981 3948 1031 4013 die
1054 3947 1096 4014 25
1121 3948 1293 4019 Februarii

348 4041 396 4100 tra
420 4037 527 4098 entur.
