3484 4875
848 596 1071 666 innox

547 764 781 814 ANNOTANDORUM
804 766 834 811 m
857 767 973 813 OFFICIA
995 769 1031 814 m
1053 768 1157 813 Missis
1181 768 1220 813 DE
1244 770 1385 815 TEMPORE

430 1104 614 1174 Annotancta
631 1106 662 1169 in
675 1103 849 1169 Dominicos
865 1115 894 1169 et
910 1104 1019 1169 Forios
1031 1116 1101 1192 post
1112 1104 1334 1193 Epiphaniam
1352 1126 1420 1192 pag.
1434 1103 1467 1168 iii

430 1194 614 1262 Amrotanda
632 1195 663 1256 in
678 1193 853 1258 Dominicas
869 1202 898 1257 ct
913 1192 1022 1257 Ferios
1043 1195 1305 1282 Seprnapestmoe,
1325 1197 1378 1260 Se·

473 1284 643 1368 copesimce
666 1292 694 1345 et
719 1282 1006 1367 Qoinqoopesimco.
1055 1333 1061 1346 .
1109 1333 1115 1345 .
1164 1333 1171 1346 .
1223 1334 1229 1347 .
1283 1334 1290 1347 .
1345 1335 1352 1347 .
1398 1278 1470 1344 iiii

429 1371 612 1438 Annotancto
636 1372 668 1433 in
691 1369 798 1433 Ferios
821 1380 850 1433 et
874 1370 1048 1435 Dominicas
1067 1369 1355 1458 Qnadmpesimce.
1400 1401 1411 1428 n
1434 1366 1470 1433 nn

429 1460 613 1525 Amtotomia
636 1459 668 1522 in
695 1456 826 1545 Tempus
848 1458 1002 1524 Passionis
1055 1510 1061 1523 .
1109 1510 1115 1523 .
1164 1509 1171 1523 .
1222 1511 1230 1525 .
1282 1511 1290 1523 .
1347 1512 1354 1526 .

429 1548 612 1634 Annotonda
637 1548 668 1611 in
690 1547 924 1611 Hebdomadam
950 1550 1116 1633 irrojorem.
1164 1598 1171 1611 .

429 1637 614 1703 Annotomio
637 1636 668 1699 in
685 1635 879 1700 Dorninianm
896 1635 1136 1701 Rossirrectionis
1160 1638 1297 1722 ejosqne
1318 1639 1383 1703 He·

474 1724 660 1790 bdonsaciom
684 1745 720 1787 oc
747 1725 879 1812 Tempus
902 1725 1060 1789 Poscttole.
1108 1774 1115 1789 .
1163 1776 1170 1788 .
1221 1777 1229 1790 .
1283 1778 1290 1790 .
1349 1779 1356 1792 .

430 1813 613 1878 Annotonrto
637 1812 668 1875 in
691 1812 800 1876 Ferias
825 1814 1060 1898 Ropationnm.
1109 1863 1115 1878 .
1163 1863 1170 1875 .
1221 1863 1228 1877 .
1283 1866 1290 1878 .
1351 1868 1358 1881 .
1402 1844 1410 1869 ·
1445 1810 1468 1826 ''

429 1901 614 1967 Annotomia
637 1900 668 1964 in
690 1899 782 1965 Festa
799 1902 988 1967 ascensionis
1010 1912 1038 1965 et
1059 1902 1252 1965 Pentecostcs
1277 1925 1322 1967 ac
1348 1907 1384 1969 in

474 1990 735 2055 eoraaoaaons
779 2041 785 2054 .
833 2041 839 2054 .
889 2042 895 2055 .
945 2042 952 2055 .
998 2040 1005 2054 .
1053 2040 1060 2054 .
1108 2040 1114 2054 .
1163 2041 1170 2053 .
1221 2041 1229 2055 .
1282 2043 1357 2057 ..
1436 1986 1467 2053 .'

429 2077 613 2143 Annotamia
636 2077 667 2142 in
689 2077 780 2142 Festa
812 2079 865 2143 SS.
895 2078 1049 2143 Trinitatis
1079 2088 1107 2142 et
1136 2078 1189 2143 SS.
1219 2078 1381 2168 Corporis

476 2166 590 2232 Christi
611 2188 648 2231 ac
670 2169 702 2231 ia
724 2188 832 2232 eornm
858 2167 1007 2232 Octooas.
1055 2218 1062 2231 .
1109 2217 1116 2231 .
1164 2218 1171 2230 .
1222 2218 1229 2232 .
1283 2220 1291 2233 .
1347 2222 1354 2234 .

429 2256 614 2321 Annotancia
638 2256 669 2319 in
693 2254 870 2319 Dominicas
894 2264 922 2319 et
944 2255 1054 2320 Ferias
1085 2255 1123 2342 oo
1149 2255 1268 2321 Octava
1295 2257 1379 2322 Pen-

475 2354 598 2409 tecostes
619 2364 715 2429 nsque
738 2343 779 2407 ad
801 2344 1006 2412 Adventum.
1054 2395 1061 2409 .
1109 2394 1115 2408 .
1163 2394 1170 2407 .
1220 2395 1227 2409 .
1280 2396 1288 2409 .
1436 2340 1464 2365 ''

1449 1458 1469 1470 11

429 2434 613 2499 Annotomia
636 2436 669 2497 in
691 2432 867 2498 Domiaiaos
891 2443 919 2497 et
941 2431 1050 2498 Ferias
1072 2431 1229 2518 Aoposti.
1282 2486 1289 2498 .
1344 2487 1351 2501 .
1436 2431 1449 2455 ¹

429 2522 614 2588 Annotondo
636 2523 668 2586 in
691 2521 867 2586 Dominioos
890 2530 919 2585 et
940 2521 1049 2587 Ferias
1072 2522 1289 2612 Septembris.
1344 2575 1351 2589 .

429 2611 614 2676 Anactomia
637 2611 668 2673 ia
691 2609 867 2675 Dominicis
891 2619 919 2674 et
942 2609 1051 2675 Ferias
1076 2610 1229 2689 Octobris.
1281 2662 1288 2675 .
1343 2664 1350 2676 .

429 2697 613 2764 Annotanda
636 2699 668 2762 in
691 2698 866 2764 Dominicas
890 2708 918 2764 et
939 2697 1049 2764 Ferios
1071 2697 1255 2764 Novembris
1280 2749 1288 2764 .
1342 2753 1349 2766 .

429 2787 613 2852 Annotancto
636 2788 668 2850 in
691 2786 866 2852 Dominicis
890 2797 919 2852 et
941 2788 1050 2853 Ferias
1073 2786 1230 2852 Adventus
1278 2839 1285 2851 .
1339 2840 1346 2854 .

429 2962 579 3027 Etencims
595 2961 758 3026 Festorom
773 2961 955 3028 Kalendarii
972 2964 1103 3029 Romani
1118 2985 1188 3049 once
1212 2963 1245 3026 in
1261 2975 1369 3029 nostro

472 3049 679 3115 Franciseano
703 3051 766 3115 olio
789 3051 838 3116 iiie
861 3053 1056 3117 celebrantur
1106 3102 1339 3117 .....
1391 3082 1404 3108 ι»
1434 3047 1484 3114 444

428 3139 521 3205 Initio
534 3139 783 3226 Antiphonornm
798 3150 826 3204 et
844 3141 1071 3206 Versicotoram
1087 3141 1124 3205 cte
1137 3141 1307 3205 Dominicis
1323 3142 1367 3203 act

472 3226 651 3314 Mopnisiaat
672 3228 836 3315 inprimis
857 3228 996 3328 Vesperis
1019 3251 1075 3317 pro
1101 3240 1162 3294 toto
1187 3249 1281 3292 anno.
1331 3278 1338 3292 .
1388 3257 1401 3285 »
1432 3225 1483 3290 445

434 3317 614 3385 Orationem
636 3316 729 3381 Initio
748 3338 809 3406 pro
827 3317 994 3383 Dominicis
1014 3329 1083 3407 post
1098 3316 1309 3407 Epiphaniam
1334 3329 1363 3381 et

473 3405 668 3473 Pentecosten
721 3455 1339 3472 ............
1386 3434 1397 3461 u
1427 3399 1481 3465 447

429 3493 522 3562 Initio
545 3516 644 3558 sacrre
666 3494 837 3579 Scriptura²
859 3517 915 3559 nea
930 3517 990 3559 noa
1006 3495 1184 3561 Lectionum
1200 3495 1287 3560 Initii
1303 3495 1364 3558 oirn

473 3582 650 3646 habentium
676 3604 736 3669 per
764 3582 941 3648 Dominicos
971 3594 1000 3649 at
1029 3583 1139 3649 Ferios
1170 3583 1264 3648 totins
1293 3582 1362 3647 anni

474 3671 635 3735 distributa
668 3719 1338 3738 .............
1381 3694 1392 3724 s
1420 3662 1473 3727 444

431 3757 529 3827 Indeor
553 3781 659 3825 rernm
682 3759 863 3825 notabitinm
888 3811 1340 3828 ,,,,,,,,,
1383 3785 1394 3813 ι
1422 3750 1473 3816 454]

793 3993 1137 4043 ——ene-mnaeo—
