3484 4875
607 493 830 541 nouornrrouns
847 495 876 539 us
893 494 985 539 resrn
999 493 1066 539 unu
1290 474 1355 542 295

333 597 468 665 .-1.
491 596 585 684 hpucl
608 617 667 664 nos
692 599 723 664 in
747 598 842 663 Missa
870 597 905 662 B.
930 596 1061 663 loannis
1086 618 1104 663 a
1129 595 1233 663 Pratlo
1267 596 1375 665 dimit·

332 684 439 752 tenda
456 695 507 751 est
523 686 784 752 Postcommuuio
809 684 841 749 S.
859 681 975 749 Felicis
999 685 1094 771 Papae
1118 693 1150 750 et
1166 685 1327 772 Martyris,
1344 694 1377 751 et

331 772 445 839 attera
477 772 684 858 subroganda
707 793 746 839 ex
769 770 864 837 llissa
889 770 1070 837 Sacerdotes
1094 773 1153 838 Dei
1166 795 1177 846 ;
1210 773 1266 837 illa
1289 773 1376 839 enim

333 868 390 926 est
415 859 529 926 eadem
553 880 592 926 ae
615 861 717 944 ipsius
740 861 829 925 Beati
853 860 1126 925 postcommunio.

384 947 427 1013 11.
452 946 585 1026 Quoties
616 946 761 1013 Officium
796 948 830 1011 B.
855 947 988 1011 loannis
1019 966 1037 1011 a
1068 947 1172 1013 Prado
1209 948 1377 1032 reponitur

335 1044 418 1123 post
442 1034 671 1111 Pentecosten,
696 1033 793 1110 illud,
818 1035 959 1119 exceptis
983 1036 1143 1119 propriis,
1167 1034 1316 1101 hartritur
1340 1055 1378 1099 ex

336 1124 515 1190 Communi
546 1131 636 1188 extro
661 1132 786 1208 tempus
818 1121 973 1187 Paschale
1004 1122 1145 1189 secundo
1177 1124 1258 1187 loeo.
1284 1122 1379 1187 lllissa

337 1229 420 1278 uero
445 1219 495 1276 est
516 1207 791 1287 helchesaeum
816 1207 968 1274 (tratione
993 1212 1135 1295 propria,
1159 1218 1255 1293 atque
1279 1210 1378 1274 Evan-

340 1298 430 1384 gotio
454 1298 489 1363 Si
511 1299 578 1384 quis
602 1293 667 1362 cuit
690 1306 751 1363 cte.
777 1296 872 1361 Retbr.
895 1297 993 1361 nostri
1015 1296 1148 1361 Missoiis
1171 1298 1222 1361 ihi.

390 1385 446 1452 tlt.
472 1386 507 1451 Si
527 1387 560 1451 in
576 1385 742 1450 Dominica
765 1383 822 1449 SS.
840 1384 1007 1448 Trinitatis
1032 1384 1213 1469 peragenda
1231 1384 1271 1448 sit
1297 1402 1380 1448 com·

344 1474 537 1541 memoratio
569 1471 602 1537 S.
634 1471 748 1537 Felicis
779 1472 875 1557 Papae
907 1479 938 1535 et
972 1470 1121 1558 lllartyris
1156 1471 1380 1537 immutabitur

345 1561 440 1627 istius
465 1560 616 1636 Secreta,
640 1558 910 1644 quemadmodum
935 1556 986 1623 dic
1008 1558 1051 1623 aa
1075 1558 1115 1624 cle
1138 1557 1170 1625 S.
1197 1558 1380 1624 Eleutherio

347 1649 607 1715 animadversum
631 1656 697 1713 est.
708 1645 817 1713 Sicubi
840 1666 916 1711 vero
941 1647 1092 1732 quapiam
1116 1646 1155 1711 te
1180 1667 1277 1713 eausa
1301 1647 1383 1712 cele·

346 1734 461 1804 hretur
477 1736 573 1801 hlissa
597 1735 692 1821 huius
717 1734 750 1800 S.
767 1734 894 1809 Felicis,
913 1743 1057 1819 ternpore
1081 1734 1210 1819 quidem
1233 1733 1383 1802 Paschali

348 1825 411 1891 erit
434 1822 627 1898 Protexisti‚
659 1830 750 1888 extra
773 1822 835 1888 hoc
858 1830 986 1907 tempus
1009 1821 1125 1888 Statuit
1149 1822 1188 1887 de
1212 1821 1380 1889 Communi

349 1914 444 1977 unius
462 1910 621 1998 Martyris.
640 1910 732 1990 Quod
753 1910 793 1975 ad
812 1908 958 1975 Cilicium
983 1918 1119 1995 spectat,
1136 1911 1207 1976 vide
1230 1917 1383 1976 annotata

351 2000 411 2066 suh
436 1998 487 2063 die
513 2000 555 2064 ll
579 1998 700 2084 Aprilis
723 2020 754 2064 n.
780 1998 833 2064 Ill.

328 2081 360 2154 Ι.
383 2123 428 2136 -
451 2086 485 2151 Si
510 2085 630 2153 alicubi
664 2086 799 2170 legenda
834 2087 878 2151 sit
911 2086 1008 2151 Missa
1043 2084 1076 2149 S.
1101 2085 1308 2159 Petronium,
1345 2103 1382 2149 ea

350 2176 490 2241 sumitur
521 2174 561 2239 de
584 2173 752 2241 Communi
775 2174 943 2259 Virginum
975 2171 1116 2238 secundo
1140 2172 1233 2246 loeo,
1267 2190 1382 2257 nempe
1415 2243 1422 2258 .

350 2260 478 2328 Vultum
502 2272 603 2327 taum.

329 2346 454 2417 *fficium
478 2348 696 2415 Sacratissimi
720 2348 832 2413 Cordis
863 2346 940 2413 lesu
968 2366 1026 2431 pro
1050 2344 1160 2429 Regno
1183 2345 1324 2410 Polouiae
1349 2351 1382 2408 et

351 2436 445 2504 Claro
467 2436 563 2503 Urhis
587 2457 604 2501 a
628 2435 662 2502 S.
687 2435 723 2502 R.
749 2435 781 2501 C.
807 2436 1022 2522 approbatum
1047 2433 1085 2498 ll
1109 2432 1183 2519 llaji
1207 2432 1292 2498 ltt5
1318 2429 1383 2519 (cu-

348 2523 401 2612 jus
432 2525 656 2590 invitatorium
681 2532 730 2589 est
755 2523 912 2589 Christum
933 2543 995 2610 pro
1018 2522 1103 2586 nohis
1130 2519 1285 2608 possum)
1309 2538 1384 2585 oum

351 2613 448 2677 Missa
478 2612 693 2687 Miserabitum
717 2612 889 2697 quotannis
921 2631 958 2675 ex
983 2617 1145 2695 praecepto
1178 2609 1209 2672 in
1234 2607 1383 2674 universa

351 2697 494 2765 Ecclesia
529 2707 580 2764 est
613 2699 842 2764 celebrandum
875 2698 968 2763 Faria
1001 2704 1090 2762 sexta
1127 2703 1199 2780 post
1231 2694 1384 2761 Octavam

353 2784 409 2852 SS.
428 2786 581 2871 Corporis
604 2787 721 2852 Christi
746 2785 805 2851 suh
823 2788 887 2851 ritu
912 2785 1050 2872 duplicis
1075 2783 1221 2857 ma'oris3
1246 2782 1382 2848 servatis

353 2881 459 2941 umen
482 2874 654 2949 imbricis,
678 2881 711 2938 et
733 2873 834 2938 firmis
858 2873 1098 2938 remanentibus
1123 2805 1236 2958 equod
1260 2871 1300 2936 acl
1323 2869 1383 2936 hle·

355 2962 468 3028 elesias
484 2968 610 3046 spectat
627 2961 792 3045 privilegio
816 2960 959 3027 iruentes
975 2960 1106 3026 Festum
1131 2960 1191 3025 hoc
1209 2957 1385 3044 peragendi

330 3049 403 3114 .vel
427 3051 577 3136 ampliori
600 3049 675 3123 rito,
699 3049 749 3112 vel
770 3049 836 3114 'alia
861 3049 922 3124 die,
946 3049 995 3113 vel
1020 3048 1145 3113 diverso
1170 3046 1300 3132 Officio)
1324 3047 1387 3110 sin·

328 3138 521 3220 putoribus
550 3135 688 3201 indultis
722 3135 761 3199 ah
793 3137 978 3222 Apostolica
1003 3134 1085 3200 Sede
1117 3135 1282 3218 hucusque
1307 3154 1381 3198 con·

358 3226 465 3290 cessis
490 3225 522 3290 S.
547 3223 582 3289 R.
611 3223 642 3289 0.
668 3222 710 3288 25
736 3223 816 3309 Aap.
836 3224 921 3290 lasa
947 3221 1319 3288 neocesareensi.

400 3312 439 3378 ll.
465 3313 499 3378 Si
523 3309 694 3397 aliquando
711 3310 841 3377 Festum
860 3311 916 3376 SS.
942 3310 1053 3376 Cordis
1076 3309 1153 3373 lesu
1178 3316 1328 3373 occurrat
1350 3308 1383 3371 in

360 3397 458 3466 l'estls
476 3400 638 3485 primariis
655 3399 847 3465 Sanctorum
871 3398 1015 3484 ejusdem
1039 3398 1131 3472 ritus,
1149 3395 1227 3461 illud
1246 3402 1387 3479 oportet,

361 3497 469 3573 utpote
493 3486 741 3561 secundarium,
774 3485 954 3553 transferri.
978 3485 1195 3549 Veruntamen
1220 3481 1304 3567 apud
1329 3499 1387 3545 uos

360 3593 547 3640 concessum
570 3575 629 3639 sub
653 3575 717 3639 ritu
742 3572 861 3661 duplici
885 3571 1034 3639 secundae
1059 3572 1183 3645 classis
1201 3590 1238 3633 ex
1262 3568 1389 3653 privile·

357 3665 408 3744 gio
434 3661 491 3727 SS.
517 3661 553 3726 u.
576 3661 613 3726 N.
639 3661 684 3726 Pii
711 3662 804 3747 Papae
827 3662 871 3727 lll
896 3661 957 3726 liei
981 3661 1023 3726 23
1047 3659 1190 3724 ianuarii
1216 3657 1301 3722 lut-t
1325 3675 1389 3721 non

359 3749 564 3826 transfertur,
581 3749 642 3814 nisi
666 3759 816 3815 occurrat
832 3770 905 3814 cum
924 3750 1027 3813 Fastis
1051 3746 1175 3812 altioris
1199 3743 1389 3810 ritus.'ltem

355 3839 411 3904 ubi
444 3858 518 3903 eum
551 3837 713 3924 primariis
737 3837 840 3903 Festis
864 3845 1058 3911 concurrat,
1091 3834 1176 3899 cedit
1200 3834 1263 3898 illis
1292 3834 1388 3897 etiam

355 3920 528 4009 Vesperas.
556 3924 684 3990 Consule
708 3946 732 3988 e.
758 3926 777 3989 t
801 3949 831 3989 n.
856 3924 877 3988 ‘l
900 3923 950 3989 tt·
976 3932 1005 3988 et
1029 3946 1054 3988 c.
1081 3924 1098 3987 5
1123 3945 1152 3985 u.
1177 3921 1197 3986 ‘l
1222 3920 1277 3986 H?

401 4015 456 4080 lll.
481 4014 517 4078 ln
541 4013 690 4079 secundis
707 4013 857 4098 Vesperis
882 4011 943 4076 dici
960 4011 1086 4076 Oetaeae
1103 4009 1252 4094 Corporis
1271 4005 1389 4072 Christi
