3484 4875
581 483 672 532 ruam
688 485 785 531 annun
800 450 978 532 noraauamr
1222 466 1287 534 159

279 586 315 654 S.
332 587 465 677 Joseph,
482 588 556 656 ibid.
573 588 607 658 st
632 591 843 659 transferatur
865 593 899 659 in
922 592 1005 659 diem
1029 599 1189 658 carentem
1207 592 1226 659 9
1244 593 1305 659 be·

281 678 393 745 ctione
410 678 450 760 de
465 677 596 746 bomilia
612 688 685 757 ete,
702 680 756 745 ubi
772 681 896 748 desinat
910 680 981 748 VIII
996 681 1113 758 Lectio,
1130 680 1206 750 ibid.
1221 701 1252 746 n.
1266 681 1305 749 11.

238 762 374 833 [diaconi
396 767 557 834 Passionis
581 778 749 846 cantoreS,
779 790 819 835 an
848 772 893 837 uti
917 778 1034 856 queant
1057 770 1145 837 Stola
1175 771 1285 836 latiori
1299 782 1317 848 ,'
1432 825 1437 832 .

281 874 358 941 pag.
383 856 444 922 111
470 858 503 923 in
527 865 611 924 neta.
634 857 791 923 Diaconus
816 858 890 925 dum
914 858 1111 926 Praeconium
1134 858 1305 936 decantat,

283 963 327 1009 an
359 946 520 1031 respicere
551 945 665 1013 debeat
687 946 928 1023 Celebrantem,
959 957 1065 1014 annot.
1089 949 1121 1013 in
1148 946 1304 1014 Hebdom.

283 1032 442 1118 majorem
463 1055 494 1100 n.
513 1034 564 1101 16.
582 1035 630 1100 An
654 1034 738 1110 idem
760 1056 831 1101 esse
855 1035 969 1103 debeat
985 1038 1016 1102 in
1034 1044 1100 1103 tota
1117 1056 1208 1102 saera
1225 1036 1307 1103 Pun-

287 1121 405 1198 ctione,
428 1122 505 1188 ibid.
529 1145 560 1190 n.
585 1125 637 1189 17.

238 1204 387 1297 Dionysii
410 1209 467 1299 (S.)
484 1208 628 1279 Officium
651 1221 683 1278 et
698 1211 792 1277 Missa
813 1213 971 1298 quomode
988 1213 1172 1291 ordinanda,
1190 1213 1244 1281 ubi
1260 1221 1311 1279 est

288 1298 451 1367 Patronus
467 1302 517 1366 vel
540 1301 702 1376 Titnlaris‚
726 1300 833 1365 adnot.
858 1302 878 1367 9
903 1301 1014 1369 Octob.
1039 1324 1069 1368 ιι.
1093 1303 1132 1367 ll.

244 1386 518 1543 Doctiorum9ffifi.)
540 1389 670 1456 Festum
693 1389 797 1474 quoad
819 1390 984 1457 Lectiones
1015 1392 1109 1478 primi
1133 1390 1309 1466 Nocturni,

286 1496 309 1544 ‚a
335 1485 401 1541 not.
502 1478 553 1543 a'i.
1056 1488 1058 1493 '

247 1562 402 1631 Botorum
425 1565 505 1654 (vlt)
519 1499 657 1633 lFestum
673 1568 706 1632 B.
722 1567 762 1632 Μ.
778 1567 814 1632 V.
839 1566 931 1646 Quid,
949 1569 975 1632 si
993 1569 1104 1653 primis
1128 1569 1177 1633 vel
1201 1586 1312 1633 seeun-

291 1653 341 1719 dis
367 1661 422 1720 aut
445 1657 588 1742 utrisque
610 1655 759 1742 Vesperis
783 1664 901 1733 eareat,
925 1655 1031 1723 adnot.
1055 1665 1128 1743 post
1152 1657 1190 1721 51
1217 1656 1309 1721 Mart.

289 1764 321 1807 n.
342 1742 368 1808 1.
386 1741 478 1821 Quid,
502 1745 529 1809 si
551 1743 631 1811 feria
654 1754 742 1809 sexta
767 1754 838 1831 post
861 1745 1059 1811 Dominicam
1082 1746 1245 1811 Passionis
1269 1745 1312 1809 sit

288 1832 459 1917 impedita,
484 1832 559 1898 ibid.
583 1855 614 1899 n.
638 1832 676 1897 11.
702 1832 836 1911 Quinam
860 1836 924 1900 sint
947 1835 993 1917 pipi.
1019 1834 1210 1912 Gradualis,
1235 1833 1311 1898 ibid.

289 1941 320 1985 n.
346 1920 399 1985 111.
425 1919 500 1999 Quae
526 1930 573 1987 est
597 1922 760 1988 Dominiea
793 1924 811 1987 5
835 1922 1048 2010 Septembris,
1079 1925 1112 1989 in
1144 1943 1207 2009 qua
1231 1924 1311 1988 cele·

289 2008 379 2074 brari
404 2008 508 2087 debet,
532 2011 638 2076 adnot.
664 2019 736 2096 post
760 2011 800 2075 15
818 2009 1025 2098 Septembris.
1051 2011 1086 2077 Si
1108 2020 1257 2077 occurrat
1280 2012 1313 2075 in

291 2095 376 2163 sesto
401 2098 475 2184 dup.
500 2100 682 2185 primaeve!
706 2099 852 2164 secundae
877 2101 989 2165 classis
1013 2107 1073 2164 ete.
1099 2098 1312 2173 transfertur,

293 2193 324 2250 et
349 2187 381 2252 in
405 2207 500 2273 quam
525 2188 618 2265 diem,
635 2188 711 2252 ibid.
729 2186 819 2266 Quid,
842 2189 877 2252 si*
893 2188 1072 2253 celebretur
1089 2208 1161 2253 eum
1184 2186 1313 2260 Octava,

254 2301 259 2312 ι
293 2283 326 2339 et
351 2274 418 2340 dies
451 2275 569 2342 Octava
599 2276 719 2342 incidat
750 2280 782 2341 in
804 2276 933 2343 Festum
956 2277 990 2341 B.
1015 2276 1053 2341 M.
1078 2275 1126 2351 V,
1149 2296 1177 2340 ι.
1203 2294 1250 2359 gr.
1276 2274 1315 2339 de

294 2363 443 2429 Mercede
467 2373 539 2442 etc,
563 2364 638 2431 ibid.
664 2387 694 2430 n.
718 2364 756 2430 11.

250 2449 417 2518 Dominica
433 2455 570 2521 secunda
595 2464 668 2541 post
684 2454 794 2540 Epipb.
819 2475 882 2539 qua
904 2456 1027 2520 ratione
1051 2455 1252 2541 anticipetur,
1285 2453 1312 2517 si

292 2540 535 2628 septuagesima
558 2544 676 2609 incidat
698 2545 730 2608 in
754 2543 890 2629 primam
915 2543 1111 2608 Dominicam
1134 2550 1207 2627 post
1223 2539 1315 2606 Oeta·

293 2651 367 2696 vam
393 2631 517 2718 bpipb,
541 2641 647 2698 annot.
672 2633 703 2696 iu
727 2631 816 2697 Dom.
842 2641 915 2718 post
938 2632 1048 2718 Epiph.
1073 2653 1104 2697 n.
1129 2632 1148 2696 1
1173 2638 1205 2696 et
1228 2649 1327 2714 seqq..

248 2716 414 2785 Itominiea
438 2729 550 2805 qrrarta
585 2720 842 2802 Quadragesimor
866 2741 923 2786 cur
953 2729 1153 2806 nuncupetur
1176 2718 1309 2793 Lectum,

290 2827 365 2894 pag.
389 2809 453 2874 ‘dit
471 2812 503 2874 in
519 2818 605 2874 nota.
621 2811 700 2875 ltem
717 2809 882 2876 Dominica
907 2811 1000 2875 tertia
1015 2808 1188 2886 Adventus,
1212 2826 1311 2893 qnare

292 2898 474 2982 appelletur
500 2899 645 2976 Gaudete,
670 2907 740 2985 pag.
765 2899 828 2966 109
852 2899 885 2964 in
910 2907 993 2965 nota.

250 2982 417 3050 bominica
439 2988 622 3053 Palmarum
646 3009 707 3053 nou
724 2988 863 3054 admittit
879 2987 1224 3062 commemorationem,
1250 2985 1312 3051 nisi

292 3075 327 3139 in
351 3072 471 3154 Obicio,
495 3085 601 3142 annot.
620 3077 651 3142 in
667 3076 766 3142 Hebd.
785 3077 938 3164 majorem
954 3100 984 3145 n.
1002 3078 1032 3143 1.
1051 3075 1215 3156 Quomodo
1239 3082 1271 3140 et
1296 3094 1315 3138 a

294 3181 360 3248 quo
376 3162 554 3230 benedictio
570 3166 752 3232 Palmarum
769 3175 817 3232 est
834 3167 1025 3251 peragenda,
1042 3166 1116 3231 ibid.
1131 3185 1161 3228 n.
1176 3164 1205 3228 5.
1220 3159 1313 3240 Quid,

292 3251 322 3316 si
339 3254 518 3337 expositum
535 3255 577 3343 sit
593 3253 648 3320 SS.
666 3254 919 3328 Sacramentum,
936 3253 1087 3320 ibid..Ubi
1106 3259 1137 3317 et
1153 3248 1312 3335 quemodo

293 3340 406 3406 Passio
430 3343 548 3428 legitur
571 3344 603 3408 in
626 3343 732 3419 Missa,
756 3343 831 3408 ibid.
849 3364 879 3407 u.
897 3341 970 3407 ea
994 3340 1110 3426 quibus
1133 3338 1244 3404 Passio
1262 3344 1313 3403 est

295 3430 465 3507 cantanda,
489 3440 520 3497 et
544 3432 657 3517 quibus
681 3452 753 3497 cnm
776 3431 979 3506 indumentis,
1003 3429 1079 3494 ibid.
1104 3427 1197 3493 acin
1228 3433 1314 3492 nota.

252 3513 417 3584 bominiea
440 3521 472 3586 in
496 3519 613 3588 Octava
635 3520 776 3598 Paschae,
793 3540 850 3585 cur
865 3527 1066 3606 nuncupetur
1081 3518 1112 3583 in
1128 3515 1224 3592 Albis,
1243 3533 1315 3601 pag.

294 3609 359 3674 att
387 3609 419 3672 in
443 3617 529 3676 nota.

251 3695 427 3765 bominicae
443 3708 516 3784 post
532 3697 740 3785 Epiphaniam
762 3705 795 3762 et
808 3697 1019 3763 Pentecosten
1040 3692 1251 3780 anticipandae
1267 3691 1318 3758 vel

296 3786 539 3864 transferendae,
563 3795 670 3853 annot.
695 3794 767 3872 post
791 3786 904 3872 Epipb.
923 3807 952 3851 n.
970 3785 990 3850 1
1007 3784 1073 3849 etti
1103 3791 1134 3848 ct
1162 3781 1201 3848 ab
1226 3779 1317 3848 Octa·

297 3898 339 3942 va
363 3876 452 3942 Pent.
477 3876 517 3942 ad
540 3876 617 3942 ride.
642 3898 672 3943 n.
696 3877 727 3941 1.
752 3874 917 3954 Quomodo
941 3893 1050 3940 earum
1067 3870 1212 3937 Officium
1236 3869 1319 3936 ordi·

297 3963 451 4043 nandum,
476 3974 582 4032 annot.
607 3972 680 4052 post
716 3964 827 4051 Epipb.
861 3985 892 4031 n.
918 3965 936 4029 5
961 3972 992 4030 et
1015 3962 1054 4029 ab
1084 3959 1202 4026 Octava
1225 3958 1317 4027 Pent.

297 4054 341 4122 ad
363 4054 441 4122 Adr.
466 4076 497 4121 n.
521 4055 553 4122 d.
577 4053 670 4136 Quid,
694 4055 721 4121 si
745 4055 852 4121 locum
876 4053 995 4122 habere
1018 4057 1164 4138 nequeat,
1189 4045 1263 4114 ibid.
1287 4054 1321 4114 et
