3484 4875
372 486 437 551 aut
652 500 874 549 unuorurrouus
890 500 920 548 m
937 499 1027 546 rnsru
1043 500 1122 546 suun

438 607 489 672 lV.
515 607 592 673 Cum
616 607 828 673 visitationis,
846 604 991 672 Officium
1016 606 1049 670 in
1078 605 1130 669 die
1155 606 1329 691 reponitur,
1349 609 1386 692 uni

393 704 503 760 eareat
535 715 618 759 nona
648 695 798 759 Lectione
826 693 865 758 de
888 693 1020 758 homilia
1052 693 1102 757 uel
1128 692 1215 758 Festi
1246 694 1386 779 simplicis,

392 783 533 868 itemque
557 783 610 847 ubi
633 782 815 848 celebratur
837 782 897 847 sub
921 782 983 846 ritu
1010 779 1132 866 duplici
1157 782 1268 865 primae
1289 784 1387 858 classis,

392 878 504 935 octava
527 870 635 934 Lectio
667 870 843 935 absolvitur
866 869 906 933 ad
935 868 1033 933 rerba
1057 868 1228 953 Mystieum
1257 890 1388 933 aemam

392 958 566 1032 custodisse,
590 978 673 1021 nunu
696 977 771 1021 vero
796 956 966 1022 inchoatur
989 975 1007 1020 a
1030 956 1165 1019 vocibus
1188 955 1259 1020 Noa
1281 958 1357 1021 eoim.

437 1043 472 1108 V.
498 1044 531 1108 Si
555 1045 681 1129 quando
699 1046 864 1127 contingat
881 1044 1038 1109 celebrari
1061 1044 1194 1107 Missam
1212 1044 1262 1108 Ss.
1277 1044 1390 1108 Processi

392 1140 424 1196 et
447 1132 628 1196 llartiuiani
652 1133 838 1218 Martyrum,
862 1132 932 1216 ipsa
957 1131 1020 1196 erit
1041 1131 1257 1218 Sapientiam,
1280 1130 1390 1216 Epistula

391 1218 664 1294 Rememoramini,
689 1220 895 1303 Evangelium
918 1219 1042 1304 Siquis
1066 1218 1143 1292 vult,
1169 1238 1243 1283 cum
1267 1216 1390 1283 Orationi·

390 1304 451 1369 bus
482 1316 516 1370 ut
546 1309 577 1370 in
608 1307 727 1371 blissali
758 1307 818 1371 hue
850 1306 911 1371 die.
935 1306 983 1372 lta
1014 1305 1140 1370 Missete
1171 1304 1262 1371 Rem.
1286 1307 1391 1393 tppiem

391 1391 500 1456 Romule
522 1394 593 1458 edit.
618 1415 697 1457 uitreo
723 1394 818 1458 1661.

349 1478 378 1543 6.
402 1480 503 1544 —Si
530 1481 622 1544 bodie
647 1502 709 1545 non
734 1487 885 1547 occurrat
907 1480 1038 1545 Festum
1071 1499 1187 1544 novem
1213 1480 1390 1553 Lectionum,

391 1586 450 1631 nec
474 1570 574 1633 ullum
600 1569 683 1633 adsit
707 1569 822 1654 duplex
846 1567 1078 1652 reponendum,
1102 1587 1162 1631 nec
1187 1569 1232 1632 sit
1249 1568 1390 1640 llomiuica,

392 1652 537 1719 Officium
563 1658 727 1740 peragitur
751 1659 789 1721 de
814 1657 865 1720 die
888 1654 971 1720 infra
994 1654 1150 1720 Octavam
1174 1653 1226 1720 Ss.
1252 1655 1389 1740 Apostolo-

391 1760 485 1817 rum,
517 1745 566 1807 uel
591 1744 704 1808 dedic
731 1743 813 1810 inira
838 1743 991 1808 Octavam
1013 1742 1217 1807 visitationis
1250 1742 1325 1829 (ubi
1345 1742 1390 1806 beu

390 1848 543 1893 concessa
575 1833 672 1913 est),
701 1832 792 1916 juxta
827 1850 959 1895 casuum
995 1831 1186 1894 varietatem
1223 1850 1315 1915 quam
1343 1829 1390 1893 bed

391 1934 422 1979 n.
447 1916 490 1978 lll
516 1917 727 1983 distinximus.

345 2000 376 2066 d.
400 2038 445 2049 -
468 2003 580 2079 Dubia,
605 2026 674 2088 qum
699 2007 738 2070 de
761 2005 856 2071 Festo
880 2013 912 2070 et
928 2003 1047 2069 Octava
1071 2002 1289 2069 Dedicationls
1310 2004 1390 2068 llcele·

390 2090 445 2155 siae
469 2094 648 2156 excitantur
671 2094 832 2158 interdum
857 2094 906 2158 rel
930 2093 1061 2158 excitari
1086 2100 1221 2175 queunt,
1242 2093 1306 2178 jam
1326 2110 1388 2156 rem·

389 2178 456 2243 luta
481 2182 658 2265 eonuperies
682 2201 751 2266 cap.
776 2181 796 2245 2
821 2202 851 2244 ιι.
878 2182 896 2246 6
922 2187 953 2245 et
977 2178 1196 2264 sequentibus

347 2263 377 2331 5.
401 2303 445 2316 υ-
468 2267 513 2331 Ειι
536 2270 586 2342 iis,
604 2288 674 2350 quae
691 2290 718 2333 c.
736 2270 756 2333 1
774 2289 804 2332 n.
824 2269 865 2333 10
882 2268 1127 2341 declaravimus,
1145 2268 1255 2351 palam
1270 2268 1304 2332 ut
1317 2282 1389 2351 quare

389 2358 652 2419 commemoratio
684 2354 811 2420 Octavee
835 2344 1051 2421 Dedicationls
1083 2356 1249 2439 precedat
1280 2372 1388 2419 comme·

387 2445 599 2508 morationem
624 2443 752 2509 Oetavae
776 2445 825 2509 Ss,
851 2446 1078 2531 Apostolorum
1102 2443 1190 2507 Petri
1216 2451 1249 2508 et
1272 2443 1359 2508 Pauli.

345 2526 374 2591 6.
398 2567 443 2579 -
465 2530 596 2609 Quoties
620 2533 652 2595 iu
676 2532 760 2597 diem
785 2532 938 2615 Octavam
962 2533 1010 2597 Ss.
1029 2532 1262 2615 Apostolorum
1285 2529 1358 2595 Petri
1368 2533 1389 2591 et

387 2617 478 2683 Pauli
502 2619 651 2684 inciderit
666 2619 797 2684 Festum
815 2620 1043 2684 Pretiosissimi
1060 2618 1236 2700 Sanguinis
1261 2619 1307 2683 vel
1327 2612 1389 2682 eliud

388 2706 529 2789 ejusdem
556 2707 605 2770 vel
629 2708 754 2772 altioris
786 2707 889 2784 ritus,
914 2706 1058 2772 Officium
1083 2707 1146 2770 erit
1171 2706 1212 2770 de
1236 2705 1344 2778 Festo;
1362 2700 1387 2766 de

387 2791 437 2854 die
461 2812 535 2856 vero
560 2792 678 2858 Octava
702 2795 791 2860 locus
817 2804 940 2859 tantum
964 2794 1093 2859 dabitur
1116 2788 1387 2859 commemorationi

387 2877 418 2940 in
444 2881 587 2964 utrisque
610 2880 770 2966 Vesperis,
787 2880 949 2948 laudibus
972 2893 1004 2946 et
1027 2882 1123 2945 Missa
1149 2882 1249 2946 etiam
1272 2877 1387 2950 solemni,
1424 2912 1428 2970 .'

386 2973 419 3027 at
443 2965 563 3050 absque
587 2989 670 3034 nona
693 2970 843 3035 Lectione
873 2971 1011 3036 bomiliae
1034 2970 1066 3032 in
1092 2968 1162 3053 ejus
1186 2968 1386 3052 Frangellun,

386 3056 514 3118 tametsi
539 3055 598 3119 bac
622 3057 664 3120 sit
687 3059 854 3142 proprium
878 3058 1102 3141 diversumque
1126 3056 1167 3119 ab
1192 3058 1296 3122 altem
1317 3051 1384 3124 Festi,
1416 3087 1428 3149 ,ξ

384 3139 525 3224 itemque
549 3143 625 3207 lieet
647 3143 742 3210 hodie
765 3165 827 3211 non
852 3147 895 3210 sit
917 3145 1092 3209 Domiuiea.
1117 3142 1165 3208 De
1189 3143 1307 3209 Octava
1327 3140 1384 3205 enin

384 3227 538 3314 impedita
556 3231 634 3295 nibil
653 3233 746 3314 plane
762 3242 882 3318 praeter
898 3232 1243 3298 commemorationem
1260 3227 1382 3315 agendum

385 3324 444 3381 est.
469 3316 500 3381 S.
526 3318 561 3383 li.
589 3318 620 3384 0.
646 3319 665 3382 5
688 3320 759 3385 dea.
785 3321 871 3385 1657
896 3321 928 3385 ie
950 3319 1106 3384 Fesutaae
1131 3319 1174 3382 ed
1200 3320 1230 3383 1.

341 3402 372 3470 6.
394 3441 439 3453 -
463 3405 519 3469 Ubi
544 3406 575 3469 in
599 3405 749 3491 Vesperis
773 3407 805 3472 S.
830 3407 994 3472 Elisabeth
1018 3405 1225 3489 adjungenda
1248 3412 1317 3472 sunt
1335 3395 1381 3498 Sul·

384 3490 487 3577 fragia
516 3492 732 3571 Sanctorum,
756 3515 833 3560 num
858 3516 917 3581 pro
940 3494 974 3559 S.
999 3494 1099 3557 lleria
1124 3493 1335 3560 immutandus
1357 3491 1381 3587 stt

382 3579 411 3660 1.
439 3582 502 3646 Ore
525 3603 583 3667 pra
616 3582 724 3658 eaba,
756 3584 873 3667 collige
896 3604 935 3648 ex
966 3583 1005 3646 iis
1029 3601 1101 3666 quae
1126 3583 1340 3648 annotavimus
1361 3590 1379 3637 u

384 3666 468 3733 diem
494 3669 537 3732 tt
559 3669 675 3734 Martii.

341 3752 392 3819 to.
415 3790 459 3803 -
482 3754 506 3819 l.
531 3756 567 3820 lu
590 3755 686 3822 Missa
710 3756 759 3822 Ss.
778 3757 909 3843 Septem
932 3756 1084 3822 Fratrum
1100 3755 1279 3844 Martyrum
1299 3756 1327 3821 iu
1343 3746 1378 3815 lt·

381 3841 818 4003 plllpspiasppeivpprsepilpdieitur
841 3847 862 3911 1
886 3845 996 3912 Oratio
1019 3845 1047 3910 Α
1070 3846 1212 3921 eunctis,
1237 3846 1257 3909 t
1278 3843 1315 3910 ed
1331 3822 1377 3903 lb
1419 3870 1428 3933 ι

425 4015 465 4082 11.
489 4016 549 4084 Ubi
579 4019 695 4104 aliquis
719 4040 757 4087 ex
781 4020 912 4108 Septem
945 4019 1113 4089 Fratribus
1146 4026 1197 4086 est
1228 4009 1375 4108 praepetis
