3484 4875
627 524 1024 575 mcmnununnorannruu
1274 508 1336 576 tm

287 627 448 701 Puritatis
470 631 504 697 B.
527 629 568 696 li.
590 629 627 697 V.
652 631 780 698 Festum
803 633 830 698 si
854 632 1080 710 transferatur,
1104 631 1169 698 sive
1192 652 1250 720 per
1274 638 1356 702 aeci·

335 721 416 787 dens
441 721 507 786 sire
529 729 694 807 perpetuo,
717 720 792 807 quid
816 722 1065 798 attendendum,
1090 720 1198 788 adnot.
1221 730 1294 809 post
1319 725 1360 789 l5

335 809 452 877 Octob.
476 817 508 876 et
529 828 603 896 pag.
628 810 666 875 dl
692 811 725 876 in
750 818 835 877 nota.

290 897 447 988 Pyxidem
470 919 510 964 an
533 898 649 986 (extra
673 919 783 965 casum
804 898 945 987 Viatici)
969 920 985 965 e
1009 899 1227 965 'labernaculo
1252 898 1359 977 educi,

333 996 432 1074 atque
455 1006 528 1053 cum
550 987 606 1052 illa
628 988 746 1074 populo
769 989 914 1055 benedici
943 989 1170 1076 permittatur,
1194 998 1302 1055 annot.
1328 990 1360 1055 in

304 1159 309 1168 ,
335 1076 424 1144 Fest.
448 1074 506 1143 SS.
530 1074 624 1163 Corp.
649 1075 722 1143 Chr.
747 1096 778 1144 n.
804 1079 834 1143 5.

808 1253 850 1343 Q

292 1426 553 1514 Quadragesima.
572 1426 653 1509 Quid
670 1430 887 1498 annotandum
904 1430 989 1497 circa
1006 1429 1152 1498 Officium
1175 1438 1208 1498 et
1229 1431 1358 1518 blissam
1455 1459 1459 1471 ·

239 1593 241 1599 y
334 1525 409 1595 etc,
434 1525 541 1584 annot.
565 1519 598 1583 in
621 1518 717 1585 lorias
740 1528 772 1586 et
794 1520 886 1586 llom.
903 1519 1020 1599 Quadr.
1045 1540 1076 1585 n.
1102 1521 1117 1585 l
1145 1528 1177 1586 et
1201 1540 1289 1606 seqq.
1310 1522 1360 1589 An

288 1643 291 1657 ·
333 1608 367 1672 in
391 1605 643 1692 Quadragesima
674 1609 828 1674 celebrari
862 1617 979 1695 queant
1002 1607 1151 1685 Oetaeae,
1183 1608 1259 1674 ibid.
1284 1630 1314 1675 n.
1339 1610 1359 1676 2

334 1702 368 1761 ot
391 1696 423 1761 C.
440 1696 488 1761 An
513 1694 622 1762 Officia
645 1698 759 1774 votiva,
782 1697 858 1763 ibid.
878 1719 908 1764 n.
927 1700 979 1764 ll.
997 1695 1149 1776 Quaenam
1173 1697 1359 1764 indumenta

239 1823 245 1830 -
332 1782 515 1850 adhibenda
531 1786 654 1851 suntin
670 1787 764 1853 llissa
782 1788 927 1863 solemni,
943 1786 1019 1852 ibid.
1038 1807 1068 1852 n.
1086 1786 1117 1852 4.
1135 1785 1247 1853 Utrum
1264 1788 1360 1853 liceat

239 1881 241 1902 ³
332 1870 499 1959 Organum
523 1875 662 1960 pulsare,
687 1884 720 1945 et
741 1876 864 1942 Altaria
887 1874 1020 1942 floribus
1044 1895 1170 1952 ornare,
1194 1875 1270 1941 ibid.
1291 1875 1359 1943 Cur

331 1960 365 2027 in
390 1959 641 2046 Quadragesima
657 1965 833 2031 recitentur
848 1964 997 2050 Vespera
1021 1973 1094 2030 ante
1117 1964 1284 2031 meridiem
1301 1985 1359 2032 seu

335 2051 580 2127 comestionem,
603 2072 676 2139 pag.
701 2054 762 2120 etl
789 2054 930 2118 innota.
955 2052 1057 2132 Quam
1080 2052 1120 2118 ob
1145 2072 1275 2118 causam
1299 2075 1380 2141 po-‚

331 2144 454 2205 strema
475 2139 681 2207 Hebdomada
698 2140 956 2226 Quadragesimm
979 2146 1182 2227 nuncupetur
1197 2140 1303 2227 Major
1326 2149 1358 2207 et

330 2227 460 2305 Sancto,
485 2248 557 2316 pag.
582 2229 647 2295 aab
671 2231 703 2297 in
727 2237 814 2296 nota.

286 2313 509 2400 Quadraginta
532 2316 607 2405 (Ss.)
627 2318 701 2385 blm.
718 2318 848 2385 Festum
871 2317 898 2384 si
923 2323 1069 2383 occurrat
1095 2317 1127 2383 in
1150 2315 1230 2383 feria
1248 2318 1360 2403 quinta

329 2412 408 2494 post
430 2404 580 2485 Cineres,
604 2408 654 2474 vel
681 2408 714 2475 in
738 2407 829 2474 Feria
852 2407 948 2473 tertia
976 2415 1049 2493 post
1071 2404 1269 2474 Dominieam
1292 2408 1357 2498 pri·

328 2513 419 2562 mam
442 2493 711 2580 Quadragesimae,
729 2498 804 2584 quid
829 2497 1047 2583 praestandum
1070 2496 1156 2561 circa
1179 2493 1357 2574 Orationes

329 2582 440 2649 adnot.
466 2584 508 2649 lo
531 2584 622 2650 blart.
647 2586 727 2652 nl.
752 2585 854 2665 Quid,
879 2586 907 2650 si
930 2583 1143 2651 transferatur
1166 2582 1206 2649 ad
1231 2591 1356 2673 tempus

330 2671 502 2749 Pascbale,
525 2673 601 2739 ibid.
627 2694 658 2739 n.
682 2675 720 2740 ll.

279 2759 433 2843 Quatuor
455 2761 613 2848 Tempora
636 2762 762 2849 quando
786 2760 1011 2837 celebrantur,
1044 2782 1070 2828 c.
1097 2763 1112 2827 l
1140 2780 1172 2828 n.
1196 2761 1248 2828 20.
1273 2760 1357 2844 Quid

328 2850 363 2915 in
387 2849 433 2914 eis
457 2849 709 2930 observandum,
733 2859 840 2917 annot.
864 2851 897 2916 in
922 2848 1039 2929 Quadr.
1064 2871 1095 2917 n.
1121 2851 1182 2927 15,
1205 2848 1290 2917 inira
1314 2850 1355 2918 Ο-

327 2946 456 3004 ctavam
478 2939 568 3005 Pent.
585 2959 617 3006 n.
636 2940 687 3018 lb,
710 2940 743 3007 in
766 2939 856 3005 bom.
874 2948 907 3006 et
929 2937 1024 3006 lorias
1049 2938 1248 3026 Septembris
1271 2960 1303 3007 n.
1322 2939 1356 3017 2,

327 3047 370 3094 ac
392 3026 425 3092 in
448 3026 526 3093 bdv.
551 3049 582 3094 n.
607 3028 637 3093 b.
661 3028 814 3109 Quaenam
837 3037 887 3095 est
909 3028 1074 3095 Dominica
1097 3027 1241 3108 Quatuor
1264 3029 1356 3097 Tem-

327 3134 457 3203 pornm,
481 3115 588 3182 adnot.
615 3117 657 3182 ld
680 3117 877 3206 Septembris
900 3140 931 3185 n.
956 3118 1008 3186 lll.
1026 3116 1170 3197 Quanam
1194 3118 1234 3183 de
1257 3138 1356 3184 causa

329 3203 476 3284 Quatuor
497 3204 656 3293 Tempora
679 3208 826 3275 instituta
848 3208 923 3285 sint,
940 3226 1012 3294 pag.
1031 3207 1093 3272 575
1117 3207 1149 3272 in
1172 3213 1259 3272 nota.
1276 3205 1356 3271 Vide

336 3291 467 3359 Ordines
490 3295 582 3360 socri.

279 3380 568 3467 Quinquagesima,
585 3403 642 3450 cnr
664 3386 709 3453 ita
731 3391 873 3459 uocetur,
890 3401 961 3469 pag.
980 3381 1043 3448 lun
1060 3383 1093 3448 in
1109 3381 1129 3447 2
1146 3388 1232 3447 nota.
1249 3380 1354 3448 Habet

328 3469 667 3539 Postcommunionem
689 3482 726 3540 ut
741 3474 772 3538 in
789 3472 884 3538 llissa
900 3471 1006 3536 doctus
1023 3471 1062 3536 de
1079 3469 1246 3544 Communi
1262 3467 1352 3537 Conl.

328 3578 395 3626 non
418 3559 594 3639 Pontificis,
617 3570 725 3631 annot.
749 3569 823 3650 post
845 3560 1120 3648 Septuagesimam
1144 3580 1175 3626 n.
1200 3560 1230 3625 7.

797 3738 844 3813 Β

282 3912 458 4001 Raphaelis
482 3917 672 4004 Archangeli
696 3914 1207 4006 (S.)nestumanprae1ari0nem
1236 3913 1354 3982 babeat

329 4024 428 4090 snpra
450 4006 545 4075 Festa
567 4007 710 4095 ejusdem
732 4008 823 4084 ritus,
845 4027 872 4072 e.
897 4005 919 4072 d
942 4005 1008 4071 nd
1033 4012 1065 4072 et
1088 4025 1115 4070 c.
1142 4005 1159 4070 5
1184 4026 1214 4071 n.
1239 4003 1260 4068 2
1283 4001 1366 4068 lll.'*

283 4089 462 4252 Regulapps
486 4118 548 4186 quo
571 4096 762 4166 Kalendario
785 4097 831 4164 uti
855 4095 982 4175 debent,
1005 4102 1071 4162 not.
1096 4093 1134 4161 de
1157 4090 1350 4161 Kalendario
