3484 4875
369 488 432 555 iil
653 505 830 553 amomum
846 505 921 554 rosa
937 494 1121 555 arianarum

345 614 479 681 tandum
502 615 571 680 sola
595 613 656 679 sibi
680 613 820 679 vindicat
844 612 1009 691 Dominica
1033 615 1103 681 haec
1126 611 1262 687 secunda,
1278 606 1347 686 noni·¹

346 711 411 770 tom
428 704 498 768 alia,
515 702 689 768 Dominicae
707 702 856 767 similiter
880 702 1109 789 anticipandae;
1127 704 1193 769 ista
1214 702 1347 767 enintran
1383 711 1386 750 1

347 791 421 857 latis
453 811 579 876 quoqne
610 790 874 876 semiduplicibns
905 790 1033 858 cedvmt.
1066 792 1162 857 llubr.
1191 775 1353 878 perliniti
1381 778 1386 838 l

344 902 374 944 u.
399 880 420 943 h
445 890 474 944 et
494 879 596 967 pecul.
621 901 652 942 n.
678 877 729 943 56.
1301 923 1302 927 =

412 967 443 1031 5.
467 968 589 1055 Agatur
612 985 709 1051 porro
734 965 773 1030 de
797 965 962 1032 Dominica
986 967 1129 1033 secunda
1152 967 1212 1032 hoc
1232 952 1351 1057 modozill

344 1055 452 1120 licium
476 1058 537 1119 erit
561 1054 599 1119 de
624 1053 715 1120 Faria
740 1058 929 1120 occurrente
954 1063 988 1121 ut
1012 1056 1045 1122 in
1069 1048 1353 1147 Psaltoriodbsolttp

345 1152 377 1209 et
398 1142 641 1209 Benedictloncs
666 1144 701 1208 u't
724 1141 806 1207 in'lra
832 1163 863 1207 n.
890 1144 941 1220 it,
960 1151 1025 1208 tros
1050 1144 1216 1209 Lectiones
1232 1132 1355 1206 taumb

344 1230 516 1296 Dominicae
540 1230 688 1296 secundae
714 1238 788 1315 post
810 1230 1021 1317 Epiphaniam
1047 1252 1121 1299 cum
1153 1232 1250 1299 tribus
1267 1218 1353 1315 ill-ll*

343 1319 387 1384 mi
410 1319 564 1385 Nocturni
588 1319 763 1384 llominicre
788 1317 943 1405 ejusdem,
969 1320 1037 1384 sinc
1065 1319 1108 1386 Te
1131 1320 1239 1385 Deum.
1259 1311 1357 1383 tutu

344 1407 400 1472 des
423 1414 456 1471 et
479 1406 655 1492 perituras
680 1407 832 1489 leguntur
856 1409 964 1472 omnia
989 1415 1024 1473 ut
1048 1408 1081 1472 in
1098 1405 1210 1473 Officio
1232 1389 1360 1498 lerialiptl

343 1492 526 1580 Antiphona
550 1494 590 1560 ad
613 1494 796 1559 Benedictus
829 1504 860 1560 et
892 1488 1001 1560 Oratio
1025 1497 1167 1582 propriae
1199 1501 1283 1561 erunt
1300 1491 1361 1557 bon

343 1584 424 1647 nicae
455 1582 624 1657 secundam
657 1584 921 1650 commemoratio
946 1583 1000 1649 iict
1024 1582 1188 1669 Simplicis
1218 1583 1244 1649 si
1268 1575 1367 1647 occuntl

343 1671 439 1757 (sinc
462 1670 531 1755 ejus
554 1669 704 1736 beatiano
719 1670 752 1757 )‚
777 1670 994 1756 adjungentur
1020 1670 1183 1757 Suffragia
1206 1671 1369 1738 Sanctorum

342 1759 510 1847 premissa
535 1757 646 1823 Crtrcis
670 1762 987 1835 commemoratione,
1013 1779 1051 1824 ac
1077 1759 1194 1826 stando
1219 1746 1374 1825 dicenturtl

345 1845 488 1913 Primam
504 1866 617 1932 preces
642 1845 866 1912 Dominicales.
885 1848 952 1912 Hoc
976 1845 1123 1915 iliboium
1148 1850 1259 1936 incipit
1279 1868 1295 1913 a
1314 1844 1377 1912 hiatu·

345 1939 411 2003 tino
435 1943 467 2000 et
490 1933 670 2000 absolvitur
693 1936 734 2001 ad
757 1934 891 2013 Nonam,
917 1936 1061 2001 adinstar
1086 1935 1311 2023 cujuscumque
1328 1932 1379 1998 altu

344 2026 413 2091 rius
431 2022 534 2090 Officii
558 2021 679 2089 ferialis
704 2043 762 2110 por
785 2043 915 2099 anmun,
933 2024 1068 2109 ideoque
1093 2025 1173 2090 nihil
1199 2026 1237 2091 da
1254 2046 1289 2091 eo
1309 2023 1384 2090 locuni

345 2113 442 2178 habet
465 2112 498 2176 in
521 2110 682 2197 Vesperis.
707 2112 741 2176 ln
768 2110 873 2176 Chora
898 2112 1088 2177 recitabitur
1114 2110 1259 2179 Officium
1287 2113 1385 2199 partun

344 2203 377 2267 B.
403 2201 442 2265 bi.
461 2199 509 2274 V,
527 2207 559 2263 et
582 2219 640 2284 pro
665 2202 769 2284 prima
794 2199 845 2265 die
868 2200 987 2266 Mensis
1011 2199 1159 2266 Officium
1184 2201 1386 2267 belunctorutt

350 2286 427 2355 vtae
449 2288 593 2376 superius
618 2310 643 2353 c.
669 2289 688 2352 7
713 2311 742 2353 a.
768 2289 788 2353 2
813 2298 842 2353 et
866 2289 896 2353 5.
921 2289 1017 2354 Missa
1041 2290 1104 2354 erit
1128 2290 1167 2355 de
1191 2290 1344 2356 Dominica
1359 2302 1386 2351 so

345 2379 448 2446 cunda
472 2383 546 2463 post
569 2374 803 2464 Epiphaniam,
829 2376 899 2443 sine
925 2376 1031 2443 Gloria
1055 2386 1087 2444 ct
1111 2378 1234 2464 absque
1260 2370 1386 2452 areum

345 2466 455 2534 Oratio
479 2463 640 2530 Fidelium
664 2485 723 2551 pro
746 2464 912 2532 llefunctis
937 2464 1003 2552 (ob
1028 2467 1168 2552 primam
1200 2467 1284 2533 diem
1305 2462 1386 2531 Mansit

348 2577 412 2625 non
436 2550 674 2639 impeditam),
700 2554 718 2618 5
744 2553 783 2619 de
806 2553 952 2640 Simplici
976 2554 1003 2619 si
1027 2563 1201 2633 occurrat,
1226 2556 1316 2620 aliter
1336 2552 1386 2618 tter

346 2645 400 2731 qui
421 2642 554 2715 salutir,·
578 2639 728 2707 Praiatin
753 2641 960 2720 Communis,
994 2651 1031 2707 ac
1055 2644 1087 2709 in
1114 2643 1177 2709 fine
1205 2643 1386 2708 benedicant

343 2735 477 2800 Domino
490 2753 501 2803 ;
525 2728 615 2795 color
638 2728 758 2796 viridis.
783 2730 861 2796 lluae
886 2730 1087 2797 celebrandae
1115 2739 1193 2798 sunt
1215 2732 1317 2798 Missae
1337 2728 1386 2794 don

344 2818 521 2892 ventuales,
538 2818 640 2882 altera
665 2817 704 2883 de
726 2817 905 2895 Dominica,
919 2826 954 2884 ut
970 2839 1078 2904 supra,
1095 2828 1172 2906 post
1197 2819 1333 2893 Sextam,
1346 2817 1386 2880 siu

346 2906 651 2974 commemoratione
676 2926 734 2992 pro
759 2906 934 2984 belunctis,
960 2908 1017 2972 sed
1041 2927 1114 2973 num
1140 2908 1244 2974 tribus
1269 2902 1386 2972 Orationi

344 2997 406 3061 bus
431 3002 465 3060 ut
487 2993 542 3068 ibi,
560 2994 621 3058 nisi
646 3002 796 3061 occurrat
821 2993 975 3080 Simplex,
1000 3015 1063 3081 qun
1089 3015 1166 3062 casu
1191 2989 1386 3062 uocarunt

347 3085 386 3149 de
411 3084 492 3169 ipso,
517 3082 535 3145 5
559 3080 642 3145 llcau
666 3083 720 3166 qul
741 3084 869 3149 sciretis:
894 3084 997 3148 altera
1021 3083 1061 3148 de
1085 3083 1207 3170 Requie
1230 3093 1266 3150 ut
1289 3085 1319 3148 in
1339 3079 1386 3158 Ouo

347 3172 500 3247 tidianis,
530 3176 604 3256 post
634 3169 758 3236 Laudas
789 3171 839 3238 vel
870 3178 944 3257 post
974 3171 1125 3237 Primam.
1150 3172 1279 3237 -Hic
1306 3166 1386 3257 juvari

347 3260 535 3333 advortere,
560 3258 685 3344 quoties
709 3260 817 3343 agitur
839 3257 880 3324 de
905 3260 1012 3344 aliqua
1036 3258 1204 3325 Dominica
1228 3262 1382 3346 anticipata

346 3350 459 3418 blissas
484 3347 626 3434 privatas
649 3365 712 3411 non
737 3345 901 3433 prohiberi
925 3348 1047 3413 votivas
1071 3355 1103 3413 et
1125 3347 1360 3415 lleiunctorum.

412 3438 444 3504 l.
470 3435 504 3502 Si
527 3435 645 3501 alicubi
669 3435 774 3520 prima
797 3433 866 3500 dies
882 3443 956 3521 post
973 3433 1126 3502 Octavam
1148 3435 1386 3524 Epiphaniam·

346 3526 499 3614 impedita
523 3524 618 3590 Festo
643 3522 774 3607 duplici,
798 3524 840 3588 sit
863 3522 930 3588 dies
955 3522 1038 3589 inira
1062 3521 1217 3590 Octavam
1240 3522 1386 3613 quampiu

347 3614 587 3701 particularem,
612 3610 650 3675 de
672 3609 839 3676 Dominica
863 3611 1004 3677 secunda
1029 3618 1103 3698 post
1126 3610 1241 3701 Epipb.
1267 3609 1386 3700 agenda

332 3703 410 3767 -erit
432 3699 483 3767 die
506 3701 576 3787 ipsa
599 3695 682 3764 inira
706 3696 859 3765 Octavam
884 3698 1006 3787 (modo
1030 3699 1219 3786 supradicto
1243 3721 1277 3768 n.
1305 3716 1386 3789 praa

349 3787 447 3874 denti)
470 3788 616 3874 quamvis
638 3787 671 3851 in
696 3786 758 3852 alia
783 3806 822 3852 ex
844 3783 1055 3873 sequentibus
1072 3787 1184 3855 diebus
1202 3797 1352 3857 occurrat
1370 3807 1386 3852 si

348 3874 520 3961 miduplex.
544 3875 589 3940 lle
613 3873 734 3941 Octava
756 3894 832 3962 vero
855 3876 936 3940 nihil
961 3896 997 3941 ca
1022 3874 1072 3942 die
1094 3894 1230 3964 prorsus
1253 3878 1293 3946 fit
1314 3894 1386 3945 nec:

348 3963 511 4031 Laudibus
529 3982 588 4029 nec
604 3964 637 4028 in
653 3957 761 4039 Missa,
778 3964 1048 4048 quemadmodum
1065 3966 1239 4051 contingit,
1257 3968 1286 4034 si
1303 3961 1386 4055 quani

348 4056 380 4119 in
407 4049 548 4139 aliquam
573 4050 658 4117 diem
681 4049 765 4116 inira'
781 4049 936 4119 Octavam
959 4052 1079 4119 incidat
1095 4051 1189 4121 deria
1205 4051 1248 4122 tv
1265 4056 1386 4124 Oinerut
