3484 4875
373 486 437 553 ⁶252
592 505 765 553 amorium
781 506 810 551 ru
826 505 1028 552 ueonournau
1043 506 1185 552 uraouuu

350 612 478 679 additur
501 612 768 690 Postoommunio‚
792 613 846 679 sed
871 613 940 699 ejus
963 614 1034 680 ioco
1058 613 1212 701 Vespere
1235 615 1346 702 persolv

351 709 403 767 tur
431 710 468 770 ut
497 703 530 767 in
559 702 687 768 Missaii.
712 702 809 767 Extra
839 702 977 769 Chorum
1001 703 1182 769 recitantur
1202 702 1367 792 Vespere·

351 791 383 856 iu
406 790 576 857 breviario.
597 790 645 856 Aa
668 791 714 855 lte
736 791 830 856 Misso
853 801 896 856 est
919 800 949 857 et
973 791 1014 856 ad
1036 791 1263 857 benedicamus
1284 793 1324 857 Do
1346 830 1350 838 ,

350 886 423 963 post
438 879 595 966 Vesperas
618 888 652 945 et
666 879 789 945 Laudes
806 879 938 966 duplum
961 880 1147 967 adjungitur
1162 881 1297 966 Allelojo
1310 902 1355 947 uso

352 966 393 1031 ad
417 965 592 1034 Sabbatum
626 969 769 1054 proxime
803 970 984 1055 insequens.
1015 1005 1060 1017 -
1084 969 1276 1035 'Benedictio
1297 971 1353 1035 ιιι

349 1063 381 1120 ιι
404 1058 579 1140 gratiarum
610 1058 692 1122 actio
724 1055 860 1124 efficitur
882 1058 1123 1145 pronunciando
1149 1058 1281 1147 Vespere
1307 1081 1322 1122 o

348 1145 476 1210 Sabboti
497 1153 556 1210 eto.
580 1181 625 1193 -
647 1145 877 1232 completorio,
909 1155 944 1212 ut
973 1147 1034 1223 ibi,
1059 1146 1210 1213 subditur
1233 1147 1339 1235 antip

349 1232 465 1320 Raptae
489 1234 566 1311 oeli,
591 1254 662 1318 quae
692 1234 806 1300 stando
830 1236 950 1322 iugiter
980 1234 1128 1302 iteranda
1159 1244 1211 1302 est
1242 1244 1306 1302 toto
1341 1266 1347 1291 a

355 1342 433 1407 pore
456 1323 612 1388 Pascbaii.

416 1412 468 1477 il.
493 1411 632 1477 Sabbato
663 1421 773 1478 sancto
796 1412 889 1477 unica
913 1432 1045 1499 prorsus
1068 1413 1163 1478 Missa
1194 1414 1347 1499 permitti

348 1498 569 1566 Conventualis
593 1500 715 1566 scilicet
738 1501 787 1566 vel
810 1502 1017 1578 Perochiaiis
1034 1522 1104 1588 quae
1128 1502 1227 1568 simul
1250 1523 1317 1568 curn
1339 1507 1345 1558 ¹

349 1590 397 1653 cio
421 1609 477 1655 seu
500 1588 674 1654 Functione
697 1590 758 1655 diei
782 1589 972 1656 celebranda
996 1599 1054 1655 est.
1078 1591 1109 1656 S.
1135 1591 1172 1655 ll.
1201 1590 1234 1657 0.
1262 1592 1296 1656 li
1314 1589 1347 1655 il

348 1677 434 1742 1690
458 1677 557 1751 neor„
571 1698 673 1762 ponar.
698 1678 837 1744 Rursum
861 1680 1002 1763 generali
1025 1678 1161 1744 Decreta
1185 1680 1250 1745 diei
1272 1681 1307 1743 bt
1328 1678 1368 1744 ιε’

349 1763 431 1830 aaut
458 1766 576 1851 quaevis
606 1766 732 1832 sublata
763 1774 838 1833 sunt
865 1768 1043 1855 personalia
1074 1768 1243 1853 privilegia
1276 1767 1354 1832 iaci

349 1852 483 1920 Sacrum
506 1853 566 1918 hac
590 1852 640 1919 die
663 1856 823 1941 privatim.
846 1853 883 1920 ln
906 1856 1057 1922 Ecclesiis
1080 1876 1173 1931 roro,
1197 1857 1254 1923 ubi
1275 1851 1373 1922 aueto'

347 1948 413 2006 tate
436 1941 619 2027 Apostolica
645 1943 804 2010 indultum
827 1952 934 2010 estut
964 1964 1026 2010 una
1048 1943 1098 2010 vel
1122 1946 1226 2012 altera
1249 1945 1334 2011 Missa

348 2036 439 2096 catur
460 2030 521 2109 bac
545 2030 615 2107 die,
646 2034 775 2099 omnino
807 2041 934 2118 oportet
957 2042 993 2099 ut
1015 2034 1197 2100 celebretur
1228 2044 1299 2120 post
1317 2032 1352 2098 So
1375 2110 1376 2115 ἵ

346 2139 470 2196 mnam,
494 2120 569 2206 quin
592 2121 771 2208 Prophetiae
795 2122 943 2205 legantur
966 2143 1003 2190 ac
1026 2121 1169 2199 bitania,
1193 2142 1283 2189 more

346 2210 470 2274 alsine
493 2209 637 2277 introitu.
662 2211 693 2275 S.
718 2209 753 2275 li.
781 2209 812 2275 0.
837 2211 880 2276 ιι
902 2211 966 2277 lul.
991 2210 1076 2277 tata
1099 2216 1132 2275 io
1154 2232 1220 2277 ooo
1248 2210 1315 2277 Ord.

345 2299 440 2364 metit.
463 2297 590 2365 becole.
613 2298 730 2365 Verum
762 2300 789 2363 si
812 2299 989 2387 Episcopus
1013 2300 1062 2365 die
1094 2300 1155 2365 hac
1178 2302 1211 2365 iu
1238 2298 1365 2365 domes

335 2384 470 2458 *Sacello
493 2386 628 2455 Ordines
659 2385 823 2465 conterat,
846 2409 977 2456 necesse
1007 2397 1055 2456 est
1077 2396 1122 2455 nt
1152 2388 1259 2455 diisset
1286 2388 1359 2455 initi

344 2733 413 2795 olim
435 2730 645 2795 celebrabatur.
669 2732 791 2793 Consule
812 2733 873 2793 dd.
894 2765 931 2779 —
954 2736 1019 2794 Post
1039 2732 1196 2810 Epistolam
1219 2726 1335 2808 dilelojo
1399 2769 1402 2811 t

345 2813 494 2892 repetitur,
507 2820 547 2873 ‚ut
568 2813 657 2889 magis
679 2813 825 2892 magisque
846 2811 983 2891 effulgeat
1003 2814 1108 2873 veritas
1130 2814 1229 2891 gaudii
1246 2813 1334 2882 nostri,
1397 2822 1402 2832 ··

343 2912 379 2952 ex
396 2890 508 2953 Domini
523 2891 743 2954 Resurrectione
758 2894 892 2953 cumulus
912 2893 1051 2966 accessit3
1067 2903 1211 2969 praeterea
1233 2895 1293 2955 lraec
1316 2918 1327 2963 ι
1342 2957 1352 2969 ρ

343 2990 399 3032 vox
412 2972 536 3031 maxime
551 2972 674 3032 retertur
687 2973 721 3032 ad
736 2982 849 3112 ternpus
864 2972 935 3033 iilud
951 2991 1008 3052 quo
1024 2971 1143 3051 hujusce
1160 2973 1290 3050 ιιιιιειιιιιΙ
1305 2991 1330 3030 ιι
1351 3035 1354 3040 ,

345 3052 456 3113 eunctis
478 3052 562 3130 piane
583 3050 746 3113 hominibus
761 3071 854 3130 paam
870 3051 927 3113 fiet.
942 3052 1062 3130 Triplex
1085 3053 1198 3113 canitur
1213 3052 1359 3128 alleluja.

345 3131 439 3192 vando
454 3129 592 3210 gradatim
608 3148 718 3201 vocem,
731 3132 799 3210 quia
815 3131 958 3212 apostolis
973 3142 1001 3192 et
1016 3132 1172 3210 Disciputis
1187 3133 1291 3194 Christi
1306 3136 1344 3192 aa
1390 3145 1402 3186 ’.

344 3212 435 3274 rectio
456 3209 592 3290 paulatim
609 3209 742 3286 innotuit,
755 3230 914 3292 eorumque
929 3211 1051 3273 subinde
1071 3211 1210 3292 paulatim
1227 3211 1312 3274 crevit
1326 3230 1348 3262 ιι

343 3292 491 3372 crevitque
513 3288 620 3362 latitia,
644 3308 709 3369 quae
730 3291 868 3352 nimirum
894 3293 988 3371 primo
1010 3293 1064 3354 iuit
1087 3309 1199 3368 magna,
1223 3293 1288 3353 dein
1307 3307 1366 3350 n*

342 3380 489 3452 postremo
511 3370 646 3430 maxima
668 3402 707 3414 ·-
727 3372 768 3432 dd
791 3371 977 3447 Evangeiium
1006 3372 1115 3453 absque
1145 3372 1258 3433 lacibus
1282 3370 1324 3432 dei
1350 3395 1352 3409 ι

343 3454 421 3529 thus,
438 3461 469 3512 ut
489 3470 593 3528 nempe
615 3448 793 3527 significetur
814 3452 951 3513 mulieres
973 3469 1143 3532 properasse
1158 3452 1276 3533 quidem
1294 3449 1323 3510 ad
1343 3487 1365 3511 „
1398 3513 1399 3526 ἶ

343 3542 511 3594 numentum
533 3549 599 3591 curn
621 3530 808 3601 aromatibus,
821 3530 873 3592 sed
896 3532 1005 3592 iumine
1027 3541 1159 3595 carentes
1180 3532 1317 3612 explicite
1338 3534 1376 3579 b*
1397 3544 1400 3555 ’

341 3611 580 3674 Resurrectiouis.
604 3611 673 3669 Vide
707 3611 868 3672 Tctomum.
893 3635 905 3665 ι
931 3615 1020 3673 Ροι·ιο
1052 3611 1079 3674 iu
1112 3611 1203 3675 attari
1238 3631 1288 3692 pro

341 3691 509 3764 Sacrificio,
532 3689 608 3752 cerei
629 3689 844 3763 accenduntur3
866 3709 923 3752 uon
945 3691 980 3751 ad
1003 3691 1156 3762 tenebras,
1178 3692 1310 3772 sotejam
1326 3682 1380 3749 ml·

343 3770 430 3843 laute,
444 3771 594 3850 fugandas,
608 3769 659 3830 sed
681 3771 715 3831 ad
738 3771 844 3832 laetitiae
859 3771 984 3849 siguum,
999 3780 1028 3832 et
1048 3771 1084 3831 ad
1108 3771 1202 3833 lucem
1219 3773 1293 3833 iliam
1306 3764 1380 3851 rertl'¹

342 3849 397 3911 sub
419 3858 487 3929 typo
510 3849 626 3912 luminis
640 3851 773 3928 corporei
794 3850 1048 3911 demonstrandam
1073 3873 1099 3912 ι.
1116 3853 1262 3913 Claudiae
1275 3853 1376 3926 alpem

341 3949 392 4008 op.
416 3931 577 3992 titanorum.
599 3962 637 3976 -
658 3935 720 3992 Nou
740 3930 847 3992 dieitur
869 3933 983 4005 Credo,
1004 3938 1055 4004 ut,
1097 3950 1142 3994 ιε
1165 3931 1292 3995 infirmos
1310 3925 1379 3988 adltt'

341 4010 452 4070 animos
473 4010 641 4086 occupabat,
663 4012 698 4072 dc
714 4009 819 4072 Christi
837 4012 1060 4074 Resurrectione
1075 3950 1217 4075 dubitatio
1231 4011 1375 4087 designetur·

345 4091 417 4152 Vide
441 4091 603 4153 Tetomum.
1017 4117 1022 4128 ·
