3484 4875
674 513 847 559 emortum
863 514 894 558 nv
909 513 1065 559 animarum
1314 496 1375 562 dii

336 638 366 683 n.
393 619 423 683 5.
449 619 490 683 At
514 638 587 683 vero
617 619 644 683 si
668 619 706 684 de
740 619 832 685 Faria
855 620 1017 685 Adventus
1041 620 1184 685 iacienda
1208 621 1250 685 sit
1273 630 1396 687 tantum

337 710 611 783 commemoratio,
629 708 702 793 quia
718 729 832 793 nempe
850 709 1030 775 celebratur
1046 708 1192 775 Officium
1214 730 1327 774 novem
1343 710 1399 776 Ire·

337 798 483 871 tionum,
508 805 584 861 tunc
608 817 665 880 pro
687 798 743 862 iiia
767 796 849 882 (quae
874 817 1000 883 semper
1036 799 1141 883 agitur
1164 806 1237 863 ante
1262 819 1399 863 comme·

338 889 551 949 morationcm
586 884 707 969 Vigiiiae
735 888 785 949 vel
820 885 1003 971 simplicis,
1028 888 1055 951 si
1079 884 1249 969 occurrat)
1285 886 1402 953 dieitur

338 972 449 1038 Oratio
475 973 646 1037 bominicae
670 974 903 1059 precedentis,
938 983 1026 1039 extra
1051 973 1193 1053 Quattuor
1222 975 1401 1061 Tempora,

337 1063 369 1125 in
397 1061 512 1146 qvvibus
536 1063 687 1127 nimirum
704 1062 839 1126 babetur
854 1061 963 1127 Oratio
988 1065 1117 1148 propria
1142 1063 1260 1148 (Rubr.
1281 1062 1299 1127 l.
1318 1063 1401 1149 cit.);
1477 1088 1482 1099 ·

337 1170 450 1214 verum
475 1151 504 1212 in
530 1151 590 1214 tine
615 1151 718 1215 atissa
752 1152 841 1216 locus
865 1171 929 1215 non
953 1151 1044 1215 adest
1067 1152 1235 1234 Evangelio
1261 1151 1399 1217 Oomini·

339 1259 396 1313 cae,
422 1238 505 1322 quod
531 1259 643 1323 nempe
664 1238 729 1323 jam
753 1241 785 1303 iu
809 1241 878 1324 ipsa
903 1239 1067 1304 Dominica
1089 1241 1207 1304 lectum
1231 1249 1290 1305 est.
1315 1239 1401 1306 Infra

339 1326 563 1391 Hebdomadas
587 1327 760 1403 Adventus,
784 1328 811 1391 si
836 1326 962 1413 quando
987 1328 1111 1392 dicatur
1134 1330 1230 1393 biissa
1246 1328 1330 1393 Fasti
1355 1350 1402 1394 se·

340 1416 539 1499 midupiicis,
562 1415 583 1479 ‘A
607 1414 715 1479 Oratio
751 1424 801 1480 est
823 1416 862 1480 de
886 1416 1052 1491 Adventu,
1077 1417 1095 1479 5
1121 1416 1201 1480 Dares
1226 1419 1280 1502 qui
1301 1418 1338 1481 de
1362 1418 1399 1482 B.

338 1503 380 1567 M.
413 1504 446 1567 V.
470 1514 569 1578 attero,
595 1525 664 1588 qua
688 1524 784 1589 porro
813 1505 972 1569 omittitur
996 1506 1023 1569 si
1058 1507 1318 1570 commemoratio
1343 1507 1401 1571 aii·

339 1612 401 1675 qua
426 1594 468 1656 sit
491 1593 681 1676 peragenda.
706 1592 768 1656 Sed
793 1593 877 1657 enim
901 1591 983 1657 inira
1008 1592 1158 1657 Octavam
1182 1588 1398 1659 Immaculata>

321 1680 561 1765 Conceptionis
584 1681 618 1745 B.
643 1681 682 1745 M.
707 1681 754 1755 V.,
777 1682 809 1744 in
834 1681 976 1767 ejusdem
1001 1683 1094 1745 biissa
1119 1682 1137 1745 5
1162 1681 1270 1747 Oratio
1289 1693 1338 1747 est
1363 1684 1402 1747 de

339 1768 461 1853 Spiritu
478 1779 599 1844 sancto,
617 1790 687 1854 quae
704 1770 851 1834 similiter
867 1772 1035 1845 omittitur,
1054 1790 1126 1835 oum
1143 1773 1248 1856 atiqua
1266 1772 1300 1836 tit
1317 1792 1401 1836 eom-

339 1858 539 1923 memoratio.
564 1857 599 1922 ln
622 1858 771 1923 Sabbatis
794 1857 968 1933 Adventus,
993 1859 1107 1944 quibus
1131 1862 1255 1924 scilicet
1278 1862 1399 1945 persol-

337 1946 423 2010 vitur
445 1944 590 2011 Oilieium
614 1946 652 2011 de
675 1947 764 2010 Faria
790 1946 949 2033 (excepto
973 1947 1112 2012 Sabbato
1138 1947 1281 2026 Ouatuor
1305 1950 1398 2013 Tem·

340 2054 466 2119 porum,
490 2036 540 2100 val
562 2035 721 2099 incidente
738 2037 768 2098 in
787 2036 927 2119 aliquam
944 2036 1112 2122 Vigiliam)
1130 2038 1310 2102 celebratur
1328 2038 1400 2102 biis·

338 2144 374 2187 sa
398 2122 621 2187 Conventualis
644 2123 758 2187 Rorote
780 2125 884 2187 votiva
910 2123 947 2187 de
963 2125 997 2187 B.
1015 2124 1054 2187 bl.
1071 2124 1106 2188 V.
1132 2145 1204 2188 cum
1231 2126 1335 2189 Giorio
1353 2144 1401 2190 ra·

339 2212 425 2275 tione
449 2210 646 2287 Sabbati,2
681 2210 789 2276 Oratio
825 2218 873 2275 est
905 2211 944 2274 de
971 2211 1181 2287 Adventu,5
1218 2213 1256 2276 do
1280 2213 1403 2298 Spiritu

338 2308 475 2373 sancto,
500 2301 560 2364 nisi
584 2300 721 2384 cuipiam
756 2301 1052 2364 commemorationi
1083 2300 1176 2364 detur
1199 2302 1310 2376 loeuS,
1334 2302 1401 2365 sine

342 2388 454 2463 Credo,
478 2386 625 2453 Praefatio
650 2397 698 2455 est
713 2387 753 2453 Et
769 2399 796 2453 te
813 2388 844 2452 iu
869 2388 1076 2463 Verconium,
1100 2389 1131 2452 in
1155 2388 1216 2453 [ine
1240 2388 1402 2477 profertur

338 2477 389 2542 Ite
411 2477 504 2542 Misso
529 2487 592 2552 est,
617 2498 654 2541 ac
678 2479 795 2560 legitur
817 2476 1079 2558 Evangelium-S.
1106 2477 1236 2543 Joannis
1260 2479 1296 2543 Iu
1315 2480 1402 2566 prie-

340 2566 425 2654 cipio
450 2574 510 2630 etc.
535 2565 631 2630 Rubr.
650 2567 733 2630 aad
755 2588 785 2629 n.
802 2565 833 2630 2.
859 2565 1018 2629 Praeterea
1042 2566 1073 2630 in
1098 2566 1239 2650 qualibet
1262 2566 1402 2632 secunda

338 2653 435 2719 Feria
452 2654 625 2730 Adventus,
649 2654 739 2740 cujus
756 2653 901 2718 Oiiioium
926 2661 1049 2739 agatur,
1073 2654 1112 2718 ad
1136 2655 1264 2721 Missam
1290 2657 1401 2740 penui-

338 2743 419 2807 timo
444 2743 514 2807 loco
542 2741 642 2828 (ante
678 2741 861 2827 Oulicctas)
885 2741 1068 2828 adjungitur
1102 2741 1210 2808 Oratio
1247 2743 1402 2808 Fideiium

336 2850 401 2917 pro
425 2829 608 2896 Defunctis:
633 2832 774 2916 quinimo
792 2831 854 2895 dici
871 2839 975 2915 potest
998 2832 1092 2896 Missa
1117 2831 1339 2898 Conventualis
1364 2832 1402 2897 de

341 2919 477 3004 Requie,
501 2921 563 2984 nisi
587 2921 692 3004 aliqua
715 2919 829 3003 Vigilia
854 2929 1012 2984 occurrat.
1037 2920 1146 2985 Recole
1169 2943 1194 2985 c.
1221 2922 1239 2987 8
1263 2946 1292 2986 n.
1310 2922 1352 2986 25
1376 2931 1404 2986 et

340 3007 450 3072 adnot.
465 3008 501 3072 bi
527 3007 743 3073 Octobrem.
761 3003 795 3073 in
812 3007 956 3073 Adventu
973 3009 1069 3073 Missa
1086 3009 1124 3074 de
1140 3009 1230 3075 Faria
1249 3011 1403 3075 celebrari

338 3095 437 3160 debet
460 3104 533 3181 post
555 3097 688 3162 Nonam.
713 3097 808 3162 auur.
834 3096 878 3162 m.
897 3099 937 3162 t5
960 3120 990 3162 u.
1008 3097 1038 3164 ἓ.
1061 3097 1119 3163 Ubi
1142 3099 1173 3162 in
1198 3097 1288 3164 Faria
1313 3107 1402 3164 sexta

341 3182 489 3263 Ouatuor
510 3185 704 3271 Temporum
728 3186 908 3251 celebretur
932 3184 1077 3251 Officium
1101 3185 1133 3250 S.
1158 3186 1306 3270 Martyris
1331 3207 1403 3252 cum
1484 3232 1488 3240 ·

336 3272 438 3338 Missa
461 3273 498 3337 Iu
520 3277 643 3349 uirtute,
659 3273 790 3339 Secreta
813 3274 914 3339 Feriae
937 3273 1111 3338 haurienda
1135 3279 1184 3338 cst
1207 3295 1244 3339 ex
1262 3273 1401 3339 Sabbato

338 3363 499 3448 sequenti.
515 3362 645 3427 Attouda
668 3362 750 3447 quod
771 3362 1017 3449 praemonuimus
1039 3363 1072 3425 in
1094 3360 1280 3447 Quadrupes.
1298 3386 1328 3426 u.
1347 3363 1400 3427 tt.

411 3450 441 3515 o.
466 3449 600 3534 Reliqua
623 3451 663 3515 ad
686 3451 865 3515 Adventum
882 3450 1058 3535 spectantia
1075 3469 1149 3515 mox
1172 3451 1345 3538 perspicies
1368 3452 1401 3516 in

338 3537 601 3604 adnotationibus
625 3538 664 3604 ad
687 3538 781 3604 Festa
804 3537 999 3604 Decembris,

407 3627 438 3692 9.
463 3626 555 3692 Faria
578 3627 718 3692 secunda
741 3635 815 3712 post
847 3625 1046 3692 Dominicam
1069 3626 1205 3710 primam
1239 3624 1402 3692 Adventus

337 3714 391 3779 vei
416 3714 498 3781 inira
522 3716 633 3781 decem
657 3715 724 3780 dies
746 3716 897 3799 leguntur
913 3716 944 3781 in
962 3715 1089 3802 publica
1105 3714 1212 3780 biensa
1235 3714 1318 3801 apud
1342 3715 1402 3781 Re·

339 3805 470 3888 guiarcs
494 3804 628 3871 Decreta
651 3803 769 3870 Urbani
791 3803 861 3869 Vlll
877 3812 907 3870 et
922 3804 1098 3871 iunocentii
1120 3801 1178 3868 XII
1200 3803 1239 3869 de
1262 3804 1402 3872 celebra·

336 3893 427 3959 tione
450 3892 629 3960 Missarum.
