3484 4875
695 573 941 643 subortum
1006 682 1010 692 μ

579 753 613 798 tn
635 754 876 802 uenuoununlt
899 755 1061 801 dalonen

348 933 379 998 l.
404 932 440 998 ln
463 941 529 999 tota
554 934 671 1021 majori
693 935 899 1002 Hebdomada
923 936 959 1025 (Ἴ
983 937 1108 1003 nullum
1131 934 1261 1002 Festum
1285 935 1349 1020 agi·
1446 976 1454 994 -

277 1031 332 1088 tur
356 1026 500 1109 quamvis
527 1023 642 1110 duplex
666 1025 777 1109 primae
801 1027 937 1101 classis,
964 1026 1052 1091 acsi
1076 1024 1216 1101 incidat,
1242 1033 1345 1090 trans·

275 1111 382 1178 fertur
405 1122 478 1200 post
502 1110 652 1178 Octavam
677 1114 817 1180 Paschae.
843 1115 940 1180 Rubr.
966 1115 1011 1179 tit.
1037 1116 1056 1181 9
1079 1138 1122 1179 π.
1137 1113 1166 1179 5.
1191 1113 1272 1179 ltem
1295 1132 1349 1179 ne-

277 1221 341 1287 que
365 1201 441 1267 licet
463 1203 594 1267 Missam
626 1203 801 1268 solemnem
825 1204 988 1269 celebrare
1013 1203 1051 1269 dc
1075 1203 1177 1268 Festis
1208 1200 1344 1268 transle-

276 1289 397 1367 rendis,
413 1311 515 1377 neque
530 1290 634 1355 tuisse
658 1291 718 1356 diei
735 1312 846 1358 eorum
863 1293 1197 1358 commemorationem
1216 1290 1345 1357 addere.

281 1378 359 1442 Vide
380 1401 477 1467 supro
500 1401 525 1445 e.
543 1380 562 1445 8
585 1402 615 1444 u.
635 1381 663 1444 5.
681 1380 821 1447 Rursum
844 1401 946 1468 neque
969 1382 1194 1446 Processiones
1219 1380 1292 1445 ullae
1311 1380 1343 1445 in

275 1465 431 1534 bonorem
448 1468 637 1534 Sanctorum
662 1479 736 1534 sunt
752 1470 951 1556 peragendae.
968 1470 999 1535 S.
1018 1470 1053 1535 e.
1074 1470 1105 1536 C.
1122 1470 1144 1534 4
1160 1469 1239 1554 Aac.
1258 1468 1344 1534 l665

275 1555 308 1619 in
338 1577 402 1622 una
428 1556 517 1623 Urbis
539 1557 580 1621 ud
612 1558 627 1622 l
655 1568 684 1623 et
709 1558 812 1624 Coool.
838 1561 924 1625 tat
955 1580 980 1624 c.
1013 1559 1066 1624 bb.
1091 1557 1346 1624 Solemnioribus

276 1644 362 1709 enim
394 1646 583 1731 quibusdam
611 1648 685 1711 anni
709 1647 841 1724 diebus,
874 1668 953 1734 quos
987 1648 1189 1734 potissimum
1213 1645 1347 1711 Redem-

275 1734 396 1818 ptionis
427 1743 547 1800 nostrae
570 1735 727 1823 llysteriis
751 1737 930 1803 recolendis
962 1738 1160 1802 consecravit
1183 1735 1347 1812 Ecclesia,

275 1821 434 1889 absonum
451 1825 546 1910 plane
569 1833 619 1889 cst
635 1825 739 1889 votiva
756 1824 948 1892 Sanctorum
964 1825 1069 1902 Festa,
1087 1832 1258 1909 utcumque
1280 1824 1349 1890 sinc

276 1930 390 1976 eorum
423 1913 540 1989 Missa,
573 1913 756 1979 celebrare:
782 1935 853 2000 quae
878 1915 1028 1980 nimirum
1061 1924 1171 1981 contra
1195 1913 1347 1979 Ecclesia

276 2009 420 2066 mentem
451 2002 560 2088 populi
585 2002 783 2068 devotionem
808 2003 870 2068 alio
896 2012 1089 2081 avocarent,
1120 2012 1152 2068 et
1179 2009 1348 2086 augustam

275 2088 409 2155 illorum
431 2090 655 2177 Mysteniornm
678 2091 933 2157 recordationem
956 2093 1157 2176 aliquatenus
1181 2092 1346 2156 imminue·

274 2186 368 2242 rent:
393 2178 500 2265 itaque
523 2179 704 2245 recordatio
728 2180 796 2245 baec
819 2190 851 2246 ct
874 2181 999 2246 devotio
1024 2201 1063 2245 ne
1087 2181 1253 2244 minimum
1277 2179 1346 2263 qui·

274 2264 423 2345 domest
447 2267 663 2334 distrahenda.
691 2268 850 2357 Cuppa'ous
874 2269 911 2333 de
934 2268 1034 2334 Missis
1058 2269 1173 2333 votivis.

342 2354 373 2420 2.
397 2354 434 2420 In
457 2357 571 2444 majori
594 2357 799 2422 Hebdomada
816 2356 961 2423 officium
987 2377 1119 2443 parvum
1143 2356 1176 2420 B.
1194 2354 1233 2419 bl.
1250 2352 1286 2420 V.
1311 2363 1344 2420 et

274 2442 515 2524 Defunctorum,
540 2468 596 2512 uec
620 2468 683 2511 non
707 2448 825 2512 Psalmi
849 2445 1024 2512 Graduales
1049 2456 1080 2511 et
1103 2445 1345 2511 Poenitentiales

273 2535 586 2617 praetermittentium
610 2537 751 2622 itemque
774 2536 975 2621 privilegium
999 2534 1182 2600 celebrandi
1206 2531 1342 2598 Octavus

274 2622 307 2686 in
332 2620 583 2708 Quadragesima
607 2626 735 2690 omnino
760 2631 874 2691 cessat.
904 2623 1013 2690 llecole
1037 2645 1108 2710 quoe
1130 2621 1346 2689 adnotavimus

274 2709 308 2773 in
333 2711 612 2798 Quodroqesimoru
635 2737 665 2778 a.
690 2714 721 2779 8.

342 2801 372 2866 5.
397 2800 589 2868 Functiones
605 2802 819 2868 Hebdomada
843 2812 962 2868 sanctae
987 2823 1049 2867 non
1067 2808 1142 2867 sunt
1159 2800 1197 2865 de
1218 2799 1344 2886 juribus

273 2907 363 2953 mere
386 2889 636 2957 Parochialibus.
661 2892 692 2956 S.
717 2892 753 2957 lt.
773 2891 805 2958 0.
831 2891 872 2958 lo
891 2892 962 2957 Dec.
988 2890 1072 2957 lton
1100 2889 1188 2955 Dece.
1204 2910 1306 2976 dener.

343 2977 375 3042 d.
400 2978 540 3044 Sabbata
565 2988 638 3064 post
654 2980 851 3046 Dominicam
875 2981 1048 3055 Passionis,
1066 2980 1096 3044 in
1117 2977 1344 3066 Martyrologio

275 3066 290 3130 l
318 3067 391 3132 loco
415 3068 531 3153 legitur
553 3068 715 3135 dominico
738 3069 925 3141 Palinurum
949 3078 1008 3135 etc.
1034 3068 1197 3134 Dominica
1221 3068 1345 3133 Palma·

273 3175 346 3221 rum
370 3163 420 3221 est
442 3158 555 3242 prima
578 3159 701 3233 classis,
726 3178 764 3224 ac
787 3160 893 3224 omnia
919 3159 1067 3224 dicuntur
1090 3166 1126 3222 ut
1149 3156 1209 3230 ibi,
1234 3165 1266 3221 et
1290 3175 1342 3220 su·

274 3263 342 3330 pra.
362 3242 395 3309 Si
420 3245 452 3310 in
475 3247 536 3312 hac
560 3246 688 3328 Festum
714 3256 864 3314 occurrat
887 3247 1022 3333 simplex
1044 3247 1110 3311 sive
1134 3265 1190 3330 per
1214 3264 1260 3322 sc,
1276 3245 1343 3308 sive

272 3352 330 3418 per
353 3333 512 3412 accidens,
537 3335 575 3400 de
599 3357 636 3401 eo
659 3335 695 3401 [it
717 3337 980 3401 commemoratio
1004 3333 1143 3421 (absquo
1166 3352 1251 3397 nona
1275 3331 1343 3416 ejus

273 3420 449 3510 Lectione)
478 3425 509 3488 in
533 3421 665 3500 Officio,
698 3444 761 3490 non
785 3433 892 3491 autem
924 3425 956 3488 in
980 3423 1075 3489 Missa
1108 3419 1123 3507 (
1136 3420 1232 3486 liobe.
1256 3418 1341 3485 Miss.

274 3511 318 3576 tit.
344 3511 363 3575 7
387 3533 417 3575 a.
443 3513 458 3576 l
485 3523 514 3578 ct
544 3514 575 3579 S.
600 3510 637 3579 R.
664 3512 695 3578 C.
720 3514 762 3579 ‘dd
786 3513 880 3580 Mart.
907 3513 990 3578 1775
1015 3511 1046 3575 in
1077 3530 1140 3575 uno
1167 3508 1240 3574 eru.
1265 3507 1342 3573 Min.

277 3599 399 3666 Obscro.
417 3600 458 3664 cd
482 3601 534 3689 6),
558 3622 628 3688 quae
650 3602 775 3668 scilicet
798 3616 895 3670 unam
918 3597 1140 3668 tantummodo
1157 3596 1343 3665 Orationem

331 3892 367 3968 (Ἴ
390 3897 536 3956 Postrema
558 3893 745 3957 Hebdomada
773 3892 1009 3972 eradragesimao
1035 3901 1218 3972 nuncupatur
1239 3888 1342 3968 Major

275 3983 303 4034 et
323 3976 454 4046 Soracte,
475 3975 541 4054 quia
563 3976 667 4036 ceteris
689 3973 830 4053 praecellit
852 3973 1043 4055 amplitudine
1066 3982 1093 4035 et
1117 3972 1264 4034 sanctitate
1286 3976 1345 4050 lly-

273 4054 441 4132 steriorum,
455 4072 579 4134 quorum
595 4051 766 4117 memoriam
781 4058 935 4136 repetitae
950 4061 1114 4117 ueneratur.
1132 4055 1162 4117 V.
1179 4054 1341 4117 Telamona.
