3484 4875
366 486 432 555 234
631 502 853 553 nonornrronrs
869 502 900 551 11
916 505 1007 552 resrn
1023 504 1129 552 1111111

386 612 485 680 veluti
507 613 539 680 in
563 611 725 678 abstracto
754 612 926 696 inspicias:
961 632 1034 678 cum
1058 613 1145 678 enim
1168 613 1275 679 nonnisi

387 704 484 769 llissa
507 702 540 767 in
564 699 704 768 Sabbato
720 708 832 766 saneto
856 700 1013 766 celebrari
1037 711 1147 787 queat,
1163 702 1288 788 nequeb

387 791 522 875 singulis
546 789 710 865 Ecclesiis‚
727 787 872 875 proiecto
896 808 993 873 grave
1017 792 1114 856 nimis
1131 790 1214 858 [oret
1234 811 1290 876 acy

386 880 490 956 licile,
513 887 549 945 ut
572 877 612 944 ad
636 879 724 944 illam
749 890 863 943 errneta
888 879 1063 943 christiana
1088 880 1181 965 plebs
1205 900 1289 962 conve

387 975 558 1055 eapropter
580 968 611 1033 in
637 967 697 1031 boc
720 987 796 1032 casu
813 967 964 1051 obligatio
989 968 1062 1033 illos
1086 968 1250 1035 dumtaxat
1269 968 1290 1032 ol

387 1066 500 1142 geret,
523 1057 577 1143 qui
600 1055 699 1122 Sacro
723 1064 855 1141 possent
879 1056 1000 1141 absque
1024 1058 1113 1140 gravi
1139 1058 1288 1123 incommo

388 1154 519 1211 teresse.
539 1146 642 1212 Coaol.
667 1144 687 1209 l.
712 1145 763 1209 cit.
787 1144 934 1210 Ceterum
959 1144 999 1209 ad
1022 1148 1195 1231 scrupulos
1219 1149 1291 1211 enim

386 1236 417 1301 io
442 1234 624 1321 hujusmodi
655 1253 732 1298 casu
754 1232 846 1298 valde
878 1233 1004 1320 expedit
1030 1243 1064 1299 ut
1087 1236 1284 1320 privilegium

386 1332 490 1400 tretur
512 1324 543 1389 in
568 1322 651 1388 diem
675 1323 770 1387 aliam
794 1320 1009 1387 transferendi
1033 1323 1198 1408 duplicem
1220 1326 1291 1390 illan

386 1415 545 1498 gationem
570 1410 718 1478 audiendi
741 1410 898 1486 Sacrum,
923 1420 954 1476 et
978 1412 1161 1477 abstinendi
1187 1433 1205 1478 a
1229 1433 1291 1478 sori

386 1501 652 1588 quemadmodum
678 1499 758 1565 illud
776 1498 945 1586 deprecata
970 1508 1018 1565 est
1044 1509 1075 1565 et
1099 1500 1241 1567 obtinuit
1254 1502 1291 1565 llo

276 1582 282 1610 ‘
385 1591 430 1656 sis
447 1590 598 1656 llioeeesis
622 1608 680 1676 pro
704 1588 799 1654 resto
823 1587 855 1654 S.
873 1589 1009 1654 Zenonis
1033 1588 1186 1676 Episcopi
1211 1599 1242 1656 et
1264 1591 1289 1654 ll

384 1679 516 1744 Patroni
540 1678 746 1764 principalis,
771 1678 1035 1764 quotiescumque
1058 1677 1152 1743 teria
1186 1688 1274 1745 sexta

387 1788 516 1833 rasceve
539 1766 589 1831 val
613 1765 752 1831 Sabbata
776 1774 887 1831 sancto
910 1768 1058 1832 recurrit.
1086 1766 1193 1833 Covol.
1221 1769 1240 1833 l.
1265 1768 1291 1832 ei

342 1855 394 1922 5l.
418 1893 463 1905 -
485 1854 584 1922 Hodie
605 1856 767 1929 occurrit,
801 1855 885 1941 apud
916 1877 995 1931 nos,
1027 1853 1175 1921 Ollicium
1208 1857 1249 1922 ad
1282 1859 1291 1920 l

385 1944 474 2010 beati
491 1944 644 2010 bernardi
661 1963 678 2009 a
695 1945 859 2009 Gorleone.
877 1944 990 2010 Utrum
1013 1943 1108 2009 liceat
1132 1965 1192 2010 nec
1210 1967 1250 2010 ne
1265 1945 1292 2008 ha

387 2033 438 2098 die
461 2053 618 2120 reponere
641 2033 832 2099 translatum
849 2032 978 2118 aliquod
1002 2042 1156 2118 perpetuo
1181 2035 1292 2121 velpe

387 2122 476 2200 dens,
500 2124 645 2208 superius
669 2122 879 2187 indicavimus
904 2143 931 2187 o.
955 2122 977 2186 1
1000 2142 1030 2187 n.
1057 2123 1108 2186 15.

341 2208 375 2278 Si
398 2211 528 2277 Festum
550 2211 606 2276 Vll
630 2210 781 2276 llolorum
806 2211 838 2276 B.
864 2210 902 2274 lll.
920 2210 956 2275 V.
981 2211 1092 2295 primis
1116 2209 1270 2297 Vesperis

385 2299 527 2388 Hymnus
550 2300 764 2385 Vesperorum
798 2300 915 2364 dicitur
946 2299 986 2363 ad
1017 2300 1236 2377 blandinum„
1269 2301 1293 2364 H

385 2390 530 2457 llatntini
562 2389 601 2455 ad
626 2388 770 2466 Larodes,
803 2398 836 2455 et
858 2388 1000 2476 Hymnus
1024 2387 1168 2455 bandum
1202 2392 1236 2455 in
1264 2411 1293 2454 se

383 2479 543 2565 Vesperis
569 2478 659 2558 Quod
683 2480 709 2543 si
734 2478 782 2542 bae
806 2498 931 2564 quoqne
956 2478 1070 2553 desint,
1095 2485 1171 2544 tuno
1197 2480 1293 2567 Hymr

384 2589 551 2655 sperarum
569 2568 771 2654 conjungitur
795 2587 868 2633 oum
892 2567 1014 2654 Hymno
1038 2567 1196 2643 Matudui,
1217 2580 1249 2634 et
1272 2590 1293 2634 a

385 2657 441 2722 <les
470 2658 624 2723 recitatur
647 2657 789 2742 Hymnus
813 2665 848 2721 ut
872 2656 925 2720 ibi.
952 2655 1045 2721 Hubr.
1068 2657 1166 2720 nostri
1187 2657 1280 2722 Broc.

387 2745 491 2811 Govol.
516 2757 556 2812 to.
578 2747 598 2810 l
623 2768 648 2809 c.
672 2745 714 2810 ‘25
739 2745 766 2809 d.
786 2746 826 2810 16
849 2768 879 2809 n.
906 2745 935 2808 5.
952 2744 1012 2810 Ubi
1035 2743 1166 2809 Hostum
1190 2745 1255 2811 hoc
1279 2768 1294 2811 e

384 2841 435 2898 rat
452 2854 524 2898 cum
541 2835 641 2899 altero
666 2833 697 2899 S.
716 2833 877 2899 benedicti
903 2853 919 2898 a
937 2833 969 2899 S.
987 2833 1202 2920 Philadelpho
1222 2834 1253 2922 (5
1272 2843 1294 2899 Α

384 2922 469 3007 quod
493 2922 577 3008 apud
601 2943 658 2987 nos
683 2922 913 3006 11111111.οω
937 2944 994 3011 pro
1018 2922 1112 2998 nobis,
1138 2943 1197 3009 pro
1224 2945 1293 2989 com

384 3012 508 3076 ratione
531 3009 584 3075 Vll
612 3011 764 3077 dolorum
788 3013 849 3076 erit
873 3011 1071 3076 adhibendus
1095 3011 1122 3092 pi.
1153 3012 1271 3097 Hepinn

383 3120 456 3164 rom
486 3107 547 3164 etc.
573 3120 610 3165 ex
642 3099 737 3165 Festo
761 3099 970 3187 Septembris.
996 3101 1032 3164 ln
1058 3099 1169 3165 Officio
1202 3102 1244 3166 ad
1268 3124 1294 3165 ot

384 3187 637 3254 benedictionem
661 3209 723 3255 non
747 3189 950 3275 subjungitur
970 3188 1065 3274 Cujus
1093 3188 1295 3276 l'ronssneion.

385 3276 498 3355 limus,
521 3278 578 3344 sed
602 3279 691 3364 cujus
714 3277 840 3359 Hesterno
864 3278 1004 3342 colimur.
1031 3281 1074 3342 Ac
1098 3279 1141 3341 ita
1169 3279 1295 3344 dicendi

383 3367 415 3431 in
450 3367 553 3432 Hestis
588 3367 735 3432 omnibus
769 3368 803 3432 B.
828 3366 867 3432 Μ.
892 3367 1042 3452 Virginis.
1067 3367 1098 3431 S.
1123 3366 1161 3432 R.
1190 3367 1222 3432 0.
1251 3369 1289 3433 15

386 3456 471 3522 1666
496 3458 528 3520 io
549 3478 613 3520 corto
637 3455 789 3521 Homero.

427 3546 466 3610 ll.
491 3544 524 3610 Si
549 3543 693 3610 Ollicium
709 3545 765 3608 Vll
788 3544 940 3609 Dolorum
965 3544 995 3608 in
1021 3543 1151 3608 Festum
1177 3546 1296 3610 incidat

383 3634 429 3698 ris
452 3635 545 3708 ritus,
571 3632 764 3699 transfertur
786 3634 818 3698 in
842 3632 1017 3698 Sabbatum
1036 3634 1180 3718 proxime
1203 3635 1295 3700 subse

382 3720 555 3788 dummodo
580 3723 655 3789 item
680 3729 869 3788 occurrente
892 3721 986 3787 Festo
1011 3721 1141 3807 majoris
1167 3724 1249 3788 ritus
1272 3744 1296 3788 o·

383 3810 540 3894 podiatur.
557 3810 740 3877 Benedictus
756 3811 833 3876 Xlll
848 3811 939 3876 Hecr.
956 3832 1058 3898 perier.
1081 3810 1145 3876 diei
1166 3812 1210 3876 25
1227 3811 1295 3878 Jorr.

383 3897 462 3963 Cum
486 3920 582 3983 porro
607 3900 763 3987 ejusmodi
787 3899 958 3966 Decretum
981 3902 1157 3985 expressim
1182 3908 1296 3966 statuat

383 3987 468 4052 cium
490 3986 545 4052 Vll
570 3988 722 4056 dolorum
748 4009 810 4054 non
834 3988 948 4054 cedere
970 3990 1031 4054 nisi
1054 3988 1149 4054 Festo
1174 3990 1296 4077 superio

354 4127 359 4138 ,
384 4085 446 4154 tus,
462 4075 588 4143 videtur
604 4097 681 4144 sane
704 4077 861 4169 celebrari
876 4078 956 4145 illud
973 4097 1067 4168 posse
1091 4078 1142 4145 die
1166 4075 1296 4146 etiami]
