3484 4875
528 511 622 556 CAPUT
638 511 678 555 tv.
695 511 733 556 BE
748 510 967 558 rnanstnntonu
983 510 1137 558 FESTORUM
1300 491 1341 557 67

314 615 410 687 illicia
442 616 534 693 haec,
561 618 590 683 si
613 617 849 704 impediantur,
869 618 961 705 juxta
983 619 1214 705 repositionum
1236 621 1369 704 regulas

317 707 419 775 dehent
442 705 612 773 transferri
635 705 683 795 (*).
1139 703 1143 711 ’

368 798 419 862 15.
443 795 482 862 ll.
507 795 648 861 Rursum
670 797 864 883 repositione
887 796 1054 882 privantur
1076 795 1181 872 Festa,
1198 816 1269 882 qum
1293 818 1366 863 cum

316 886 444 952 clausula
473 884 515 948 od
538 884 659 949 libitum
681 887 838 973 permissa
869 892 954 950 sunt.
978 884 1053 950 llaec
1085 887 1191 961 enim,
1222 888 1366 971 quamvis

314 975 365 1048 'unt
388 973 538 1059 duplicia,
562 984 698 1059 possunt
722 975 850 1060 quidem
873 994 931 1061 pro
955 972 1046 1038 libito
1070 974 1188 1049 omitti,
1212 974 1262 1039 vel
1284 977 1365 1040 reci-

314 1063 371 1139 nri,
391 1063 448 1150 sed
473 1062 673 1127 nonnisidie
696 1083 714 1128 a
738 1063 854 1130 Sancta
872 1063 954 1128 Sede
978 1064 1205 1139 concessave}
1230 1063 1273 1149 (si
1298 1063 1366 1128 hmo

314 1149 459 1235 ‘assignata
482 1164 546 1216 non
570 1149 693 1238 luerit)
716 1172 780 1217 non
804 1153 865 1218 nisi
889 1152 939 1217 die
962 1151 1116 1216 natalitia.
1142 1151 1238 1217 Rubr.
1261 1154 1363 1240 pecul.

314 1261 337 1303 c.
354 1241 423 1307 tlt.
440 1241 604 1305 Praeterea
628 1239 722 1306 nesta
745 1241 787 1305 od
810 1242 931 1307 libitum
955 1239 1107 1305 beneficio
1125 1242 1291 1326 privantur
1314 1262 1365 1306 oc·

316 1330 466 1395 currentice
491 1329 609 1412 legum.
626 1328 705 1395 Nam
730 1331 756 1394 si
775 1330 806 1395 in
824 1330 906 1394 dium
926 1336 960 1394 ut
977 1348 1085 1414 supra,
1102 1330 1298 1413 assignatam
1314 1332 1364 1395 vel
1424 1364 1432 1380 ·

316 1419 497 1493 natalitiam,
521 1416 667 1504 aliquod,
690 1420 741 1485 vel
767 1420 835 1505 ipso
860 1418 1080 1483 Concessiouis
1104 1427 1188 1493 actu,
1211 1420 1262 1483 vel
1286 1427 1366 1484 lem·

316 1509 382 1594 ptris
407 1526 593 1594 progressu,
617 1504 763 1573 Officium
787 1508 971 1593 perenniter
994 1505 1115 1572 incidat
1138 1528 1177 1572 ex
1199 1515 1362 1594 praeceplo

314 1595 495 1662 recitandum
512 1594 698 1682 (dummodo
714 1596 830 1662 saltem
853 1597 895 1661 sit
912 1593 1134 1683 semiduplex),
1151 1596 1218 1661 sive
1237 1596 1362 1661 univer-

313 1684 369 1761 calc,
394 1686 462 1750 sive
478 1686 641 1771 peculiare
664 1684 839 1769 Religionis
863 1685 1051 1771 cujuspiam,
1075 1684 1261 1761 Provinciae,
1279 1684 1360 1750 Con·

313 1782 418 1850 ceotuS,
440 1772 594 1839 Dioeoesis
618 1781 678 1839 etc.
702 1772 969 1860 (comprehensis
993 1793 1118 1859 quoque
1143 1773 1254 1840 diebus
1278 1772 1364 1839 inira

313 1857 430 1929 lclauas
454 1862 625 1947 quaslibet,
640 1870 813 1949 utcumque
828 1883 892 1929 non
911 1863 1126 1949 privilegiatas
1144 1871 1176 1927 et
1191 1863 1364 1949 particula-

313 1952 382 2039 es);
406 1951 537 2017 Festum
560 1951 641 2017 illud
663 1951 705 2016 od
726 1952 858 2029 libitum,
877 1952 1021 2038 quamvis
1046 1951 1173 2037 duplex,
1199 1952 1304 2018 omitti
1328 1953 1362 2017 in

313 2048 482 2126 erpetuum
516 2040 632 2116 debet,
655 2041 717 2107 nisi
740 2042 889 2127 specialis
913 2039 1049 2119 facultas
1073 2049 1192 2128 praesto
1216 2041 1259 2105 sit
1281 2040 1362 2106 illud

314 2128 453 2215 dligendi
470 2130 566 2194 alteri
588 2129 663 2195 diei.
680 2128 795 2195 Itidem
817 2138 867 2195 est
890 2150 927 2195 oo
952 2149 1035 2195 anuo
1059 2128 1282 2204 omittendum,
1300 2150 1363 2215 quo

314 2219 419 2306 ropria
443 2218 546 2303 ipsius
570 2217 621 2283 dic
643 2218 772 2304 aliquod
796 2226 946 2284 occurrat
969 2240 1007 2284 ex
1030 2215 1149 2283 Officiis
1173 2217 1361 2292 antedictis,

313 2308 384 2374 tiam
407 2306 540 2382 mobile,
564 2316 619 2372 ant
641 2306 735 2373 Feria
757 2308 864 2393 aliqua
881 2307 1080 2393 privilegiata
1098 2306 1239 2392 duplicia
1256 2307 1363 2371 exclu-

314 2397 377 2474 eus,
399 2397 455 2462 vel
471 2392 618 2462 Officium
634 2396 673 2462 de
696 2395 860 2464 Dominioa
883 2398 988 2482 aliqua
1006 2395 1178 2481 anticipata
1203 2394 1365 2480 agendum

313 2485 337 2552 it.
360 2486 463 2552 nour.
485 2485 588 2572 pecul.
612 2509 642 2551 o.
662 2486 739 2564 luo,
759 2488 790 2552 S.
814 2486 851 2551 R.
873 2486 904 2551 0.
922 2485 966 2551 nl
988 2484 1059 2550 Joo.
1078 2485 1163 2550 lton
1179 2484 1270 2550 Beer.
1294 2490 1362 2569 peu.

313 2575 438 2663 Περὶ.
466 2573 553 2639 lto-u
575 2574 608 2638 c'n
634 2574 791 2641 Gelonion.
815 2575 857 2639 od
879 2575 900 2639 h
925 2584 954 2639 el
979 2572 1084 2639 Ooool.
1110 2582 1149 2638 lo.
1173 2572 1193 2637 h
1218 2595 1244 2638 c.
1262 2573 1304 2638 nn
1329 2573 1359 2638 d.

328 2673 358 2730 ct
382 2663 414 2728 5.
440 2661 561 2729 Verum
583 2664 610 2728 si
635 2663 700 2728 die·
719 2664 831 2730 eadem
849 2662 958 2737 ¹(lilioli
981 2662 1023 2728 od
1047 2660 1178 2737 libitum,
1208 2660 1262 2727 aut
1286 2658 1362 2726 Olli·
1436 2730 1440 2750 p

313 2751 371 2819 ium
395 2751 530 2836 aliquod
553 2753 703 2829 votivum,
727 2761 783 2818 aul
805 2751 952 2819 Officium
977 2751 1199 2838 quodcumque
1223 2752 1362 2816 transla-

313 2860 356 2907 nn
379 2840 567 2927 ponendum
590 2839 687 2914 iorem
710 2842 742 2907 in
766 2843 866 2929 priori
892 2862 978 2916 casu,
997 2843 1042 2907 uti
1066 2843 1163 2906 etiam
1191 2840 1363 2926 siquando

313 2938 467 2995 ocurrunt
491 2949 555 2995 urna
576 2929 629 2995 die
652 2928 763 2996 (illicia
786 2931 847 2997 duo
865 2931 907 2996 ool
930 2931 1050 2996 libitum
1074 2930 1276 3015 quantumvis
1299 2930 1364 2995 ritu

313 3013 445 3102 ispania,
470 3017 606 3084 liberum
630 3020 758 3084 omniuo
782 3020 844 3085 erit
867 3021 1058 3085 alterutrum
1080 3020 1227 3094 recitare,
1244 3019 1378 3096 omisso„

313 3104 415 3183 dlero:
445 3106 479 3173 in
503 3127 579 3172 casu
602 3108 677 3173 item
701 3109 897 3195 posteriore,
922 3109 1065 3195 quamvis
1089 3106 1235 3174 Officium
1259 3107 1363 3193 cujus·

313 3192 379 3276 liam
399 3195 577 3262 Dominieae
600 3195 755 3284 (excepta
779 3197 918 3263 secunda
935 3205 1009 3283 post
1025 3194 1259 3282 Epiphaniam)
1283 3198 1363 3271 anti
1474 3264 1478 3271 ,

313 3279 466 3367 &pandum
484 3292 581 3362 extet,
605 3305 643 3351 ao
659 3294 727 3351 tota
742 3285 949 3353 Hebdomada
966 3285 1118 3372 impedita
1135 3287 1188 3361 sit,
1204 3283 1252 3350 fas
1269 3285 1365 3371 plane

313 3370 366 3447 nil,
381 3374 431 3438 vel
448 3371 595 3441 Officium
619 3375 661 3439 od
684 3374 804 3440 libitum
827 3376 1020 3462 persolvere,
1045 3381 1077 3440 et
1099 3374 1292 3442 translatum
1315 3373 1364 3437 ul·

313 3459 392 3527 terius
414 3463 605 3549 protrahere
628 3462 827 3550 (dummodo
859 3474 925 3530 tam
949 3463 1044 3538 huic,
1077 3481 1174 3548 quam
1197 3461 1364 3529 translatis

316 3543 367 3615 tliis
388 3551 581 3637 reponendis
605 3562 770 3619 remaneat
786 3554 818 3621 in
834 3552 1026 3624 Kalendario
1050 3547 1171 3637 locus),
1194 3549 1245 3614 vel
1261 3556 1364 3616 trans·

352 3855 382 3934 (⁸)
398 3859 499 3921 Officia
521 3855 712 3922 nihilominus
726 3861 881 3933 Passionis,
896 3859 964 3921 licet
986 3859 1107 3920 neutras
1123 3858 1198 3920 adsit
1211 3855 1260 3919 illa
1276 3867 1366 3921 tracus·

313 3926 422 4008 lcccnui,
448 3959 503 4001 non
525 3943 742 4002 transferuntur
769 3950 851 4002 extrn
874 3939 1143 4018 Quadrupesimam.
1165 3941 1194 4000 S.
1215 3941 1249 4000 R.
1272 3943 1301 3999 C.
1326 3944 1364 4000 ll

313 4006 363 4075 luc.
385 4023 463 4082 raca
485 4025 518 4080 oc
541 4041 604 4080 cca
627 4024 699 4082 oro.
721 4024 797 4083 uec.
820 4023 940 4081 oestro.
964 4025 1004 4082 ao
1032 4025 1050 4084 2
1073 4031 1099 4082 ec
1119 4025 1148 4096 c,
1170 4040 1206 4082 ac
1230 4025 1263 4082 cl
1289 4021 1368 4097 sepo.

313 4089 372 4160 llll
394 4103 427 4162 in
446 4106 665 4184 conplurium
687 4103 781 4164 Dicae.
803 4104 844 4163 od
865 4103 893 4164 3.
907 4115 932 4164 ct
954 4104 982 4165 l.
