3484 4875
374 468 437 534 tid
578 486 715 532 uorurm
732 484 818 532 cmcn
835 481 960 531 rancun.
979 485 1051 531 nou.
1069 482 1106 532 rr
1123 482 1194 532 mn

349 605 402 660 tur
433 593 591 660 sententia
622 591 815 659 Kalendario
848 592 1013 680 opposita;
1043 613 1107 659 non
1140 599 1248 659 autem
1277 592 1301 658 si
1325 600 1387 658 certo

348 690 474 749 constet
497 680 646 747 muudum
671 680 799 766 aliquod
823 679 855 744 in
879 678 1109 748 Kalendarium
1133 681 1299 767 irrepsisse
1316 682 1341 745 in
1356 700 1389 757 rc,

352 792 423 856 qua
448 777 557 855 aperte
581 777 738 855 repugnet
765 767 913 870 Ruirricis
941 767 1094 868 Breuiarii
1122 778 1179 834 aut
1210 769 1334 834 Missalis
1357 767 1391 833 rei

349 858 502 924 decretio
527 858 558 921 S.
584 857 619 921 u.
647 856 678 922 C.
703 856 745 922 25
770 855 846 941 Moy.
881 855 966 920 tuat
1000 878 1031 919 cu
1062 856 1255 922 Ncmurcen.
1285 857 1322 921 od
1338 856 1354 920 i
1371 864 1391 920 et

348 947 389 1012 Ἦ
414 948 494 1031 Atcp.
520 944 605 1010 4856
630 945 661 1008 io
684 943 866 1009 Minoriceu.
891 944 932 1007 od
956 944 974 1008 7
1000 953 1030 1009 et
1053 945 1084 1009 8.

414 1035 444 1099 4.
470 1032 626 1109 Ossicium,
651 1033 736 1118 quod
759 1033 825 1096 sive
848 1031 999 1115 priuatim
1023 1032 1091 1097 sive
1115 1033 1148 1097 in
1171 1031 1275 1096 Chore
1291 1030 1393 1097 cxciii·

347 1122 439 1187 vione
463 1122 512 1186 vel
537 1120 768 1186 inadvcrtentia
793 1119 949 1185 omissum
972 1119 1023 1185 die
1046 1117 1123 1196 fuit,
1149 1140 1213 1205 quo
1237 1120 1354 1185 recitari
1370 1138 1392 1181 o·

348 1209 512 1295 portabat,
543 1228 745 1294 nequaquam
777 1215 827 1272 est
858 1207 921 1272 alia
952 1206 1003 1272 die
1035 1207 1259 1294 reponendum
1285 1205 1395 1293 (nebit

347 1296 510 1381 erretur),
534 1297 589 1363 scd
616 1317 747 1381 prorsus
771 1295 833 1361 erit
856 1296 912 1359 illo
937 1315 1020 1361 anno
1045 1294 1316 1382 pratereundum.
1330 1295 1355 1360 S.
1369 1293 1393 1357 d.

350 1386 383 1451 C.
408 1386 448 1451 tr
473 1385 546 1450 luo.
573 1384 657 1450 1675
683 1386 714 1448 io
739 1405 800 1448 uuo
824 1382 928 1448 notit.

749 1899 1030 1999 noruunu

561 2158 660 2209 QUOAD
685 2156 824 2201 OFFICIUM
847 2154 873 2199 S.
898 2155 999 2200 MARIAE
1024 2157 1054 2201 lu
1078 2156 1208 2220 SABBATO

417 2440 446 2505 i.
468 2439 550 2521 ¹Cum
575 2436 660 2524 apud
688 2456 745 2503 nos
778 2439 829 2522 agi
860 2445 998 2524 nequeat
1026 2435 1172 2504 Ossieium
1197 2437 1229 2505 S.
1256 2440 1354 2506 Maria
1378 2437 1400 2500 in

348 2528 505 2605 Sabbata,
529 2528 603 2614 quia
625 2525 774 2591 Sabbatis
799 2547 861 2591 non
878 2527 1041 2612 impeditis
1058 2526 1196 2592 alterum
1213 2528 1406 2614 persolvimus-

345 2616 564 2682 Immaculatae
587 2614 811 2700 Conceptionis
834 2614 868 2679 B.
901 2609 940 2680 Μ.
965 2615 1000 2679 V.
1034 2614 1093 2680 sub
1116 2617 1189 2684 ritu
1222 2612 1399 2700 semiduplici

347 2704 442 2791 (aide
464 2726 562 2792 supro
585 2725 611 2768 c.
636 2702 654 2766 ὅ
678 2726 709 2767 u.
733 2703 801 2786 Η
826 2711 1000 2789 propterca
1024 2705 1238 2789 opportunius
1272 2703 1400 2769 hocloco

347 2792 452 2856 uisum
476 2801 526 2855 cst
549 2791 587 2854 de
611 2790 766 2875 praedicto
797 2788 907 2856 Officio
939 2792 1036 2856 verba
1068 2790 1193 2867 facero,
1226 2812 1321 2878 quarn
1347 2794 1401 2876 post

347 2885 497 2943 nostrum
520 2877 761 2944 Kalendarium.

413 2965 444 3030 2.
469 2964 581 3050 Itaque
605 2965 753 3031 omnibus
777 2965 928 3032 sabbatis
951 2986 1009 3052 per
1040 2987 1159 3033 annum
1187 2974 1278 3032 extra
1302 2964 1400 3031 Aduen-

345 3061 416 3119 tum
440 3060 473 3118 ct
495 3052 793 3136 Quadragcsimam
816 3074 854 3119 ac
878 3056 939 3120 nisi
957 3054 1101 3133 Quratuor
1117 3055 1278 3140 Tempora
1302 3061 1351 3118 aut
1363 3049 1398 3113 u-

346 3142 432 3227 giliae
455 3141 706 3216 occurrant,ch
730 3141 769 3206 de
787 3141 878 3206 Feria
896 3143 1055 3226 agendum
1072 3143 1114 3207 sit
1131 3151 1265 3227 propter
1282 3139 1401 3207 Officium

347 3230 483 3317 alicujus
514 3228 687 3294 Dominicoe
719 3230 982 3314 anticipandum,
1008 3232 1155 3315 itemque
1187 3231 1250 3295 nisi
1282 3227 1403 3293 Odiciun

345 3339 459 3384 novem
484 3319 637 3382 recitetur
667 3316 865 3393 Lectionum,
897 3320 947 3383 vel
979 3318 1018 3383 dc
1050 3323 1168 3384 Octtava
1201 3316 1402 3383 Paschatiset

346 3407 574 3480 Pentecostes;
598 3425 726 3490 semper
748 3403 894 3471 Officium
919 3406 1035 3471 dicitur
1059 3407 1097 3470 de
1121 3405 1153 3470 S.
1178 3406 1289 3480 diaria,
1313 3401 1404 3468 eodem

328 3495 441 3560 ‘modo
466 3515 503 3560 ac
535 3495 575 3558 de
606 3493 700 3557 Festo
733 3494 883 3577 simplici,
907 3493 1177 3578 quemadmodum
1209 3495 1296 3558 circa
1326 3492 1403 3555 finem

345 3581 499 3646 Breviarii
522 3582 657 3646 Romani
681 3583 892 3645 constitutum
917 3591 975 3648 cst.
1009 3582 1094 3647 Festi
1127 3588 1237 3646 autcm
1269 3573 1409 3663 simplicis

347 3668 379 3731 in
403 3667 580 3818 Spbbat'um
604 3668 773 3733 incidentis
797 3669 832 3732 fit
865 3676 989 3734 tantum
1022 3670 1295 3735 commemoratio.
1327 3661 1411 3730 derio.

349 3753 394 3818 ut.
462 3777 493 3818 o.
519 3757 549 3820 d.

382 3906 385 3911 .
416 3841 446 3906 5.
471 3841 548 3907 Cum
565 3852 648 3907 'vero
673 3842 842 3908 antedictis
866 3843 979 3908 dicbus
1003 3846 1113 3929 nequit
1136 3843 1282 3910 Officium
1305 3843 1334 3907 S.
1352 3835 1411 3901 da·

339 3929 405 4019 riae
429 3929 535 3994 locum
560 3928 700 4007 habere,
725 3931 813 3996 nulia
845 3951 971 4017 quoque
1002 3932 1037 3996 su
1061 3932 1130 4019 ejus
1162 3923 1411 4000 commemoratio

349 4024 483 4104 propter
506 4015 692 4084 Sabbatum.
717 4018 812 4084 Rrabr.
837 4019 858 4107 t.
885 4041 909 4085 c.
934 4042 964 4085 o.
989 4019 1020 4085 2.
