3484 4875
547 494 720 548 nmornunn
735 494 808 541 nosr
824 494 1064 541 snrruneesrunu
1079 495 1143 541 nra.
1289 478 1351 544 185

319 600 360 669 ld
380 602 523 668 Primam
546 622 604 689 pro
628 602 755 669 Psalmo
781 602 972 691 confitemini
995 601 1200 670 substituitur
1222 602 1373 671 Dominus

319 691 459 779 mpnooit.
483 692 580 757 Missa
611 692 741 777 propria
764 701 814 757 est
841 692 910 757 siae
936 690 1062 768 Gloria,
1093 691 1114 757 1
1138 690 1268 768 Oratio,
1301 700 1375 758 ante

319 780 571 848 Parmenonem
594 780 644 845 vel
666 781 736 865 ipsa
759 781 809 846 die
826 779 1068 856 Purificationis,
1085 780 1166 845 Dens
1189 780 1244 867 poi
1256 780 1374 857 soletis,

319 868 338 934 b
357 868 502 936 Ecclesiae
524 869 573 934 uel
598 889 655 955 pro
681 870 786 956 Papa;
812 877 886 954 post
907 868 1174 945 Purilicatiouem,
1197 868 1279 934 idest
1302 878 1376 954 post

319 957 398 1026 dictu
420 957 594 1024 secundam
620 957 792 1035 Februarii,
809 959 830 1023 b
846 956 956 1024 Oratio
980 965 1029 1023 est
1044 957 1071 1021 A
1088 957 1248 1033 conctis,5
1273 958 1313 1023 ad
1336 959 1374 1022 li·

319 1045 427 1124 bitum,
453 1046 562 1122 Credo,
586 1045 734 1112 Praelatio
757 1045 933 1122 Trinitatis,
957 1066 994 1111 ac
1017 1046 1050 1110 iu
1072 1044 1134 1110 fine
1156 1045 1378 1111 Benedieomns

319 1133 459 1201 Domino.
483 1134 579 1200 Color
608 1134 777 1201 adhibetur
800 1136 981 1211 violaceus,
1013 1134 1138 1200 etiamsi
1170 1134 1237 1201 dies
1259 1135 1379 1201 incidat

319 1222 402 1290 inira
432 1223 584 1291 Octavam
616 1223 791 1311 cujuspiam
817 1222 923 1300 Festi,
955 1224 1005 1289 cui
1028 1225 1188 1309 competat
1216 1223 1307 1291 albus
1328 1224 1379 1289 vel

319 1312 446 1380 rubeus.
470 1312 567 1378 Rubr.
593 1312 637 1378 tit.
664 1314 704 1378 lt
727 1336 757 1378 o.
782 1314 813 1378 2.

386 1403 416 1468 1.
440 1401 475 1467 Si
498 1403 531 1466 iu
553 1400 726 1467 Dominicis
749 1402 912 1488 praedictis
936 1408 1084 1467 occurrat
1106 1399 1268 1487 Simplex,
1291 1400 1379 1465 illius

319 1490 425 1575 agitur
448 1492 710 1556 commemoratio
742 1490 837 1578 (sine
860 1490 880 1556 9
904 1489 972 1575 ejus
1003 1489 1177 1576 Lectione)
1209 1490 1241 1554 in
1268 1484 1381 1575 primis

320 1573 477 1665 vesperis,
501 1578 661 1645 Laudibus
684 1588 716 1645 et
739 1580 845 1656 blissa,
869 1599 942 1644 curn
967 1578 985 1642 5
1009 1577 1169 1655 Oratione,
1194 1598 1264 1663 quaa
1287 1596 1379 1662 supe-

321 1666 389 1733 nius
410 1668 550 1733 secundo
575 1669 645 1733 loco
668 1669 857 1755 praescripta
881 1677 939 1733 est.
964 1666 999 1731 Si
1022 1675 1171 1733 occurrat
1192 1665 1310 1732 Octava
1333 1665 1383 1730 vcl

320 1753 494 1824 diminica
518 1754 691 1834 Octavam,
715 1757 753 1823 de
777 1777 814 1822 ea
838 1757 873 1822 lit
896 1758 1155 1822 commemoratio
1180 1757 1211 1821 iu
1236 1756 1379 1840 utrisque

320 1837 491 1931 Hesperis,
519 1845 681 1911 Laudibus
705 1854 737 1912 et
758 1846 876 1919 Missa:
906 1844 962 1911 sed
986 1845 1018 1910 iu
1042 1845 1101 1911 bac
1128 1845 1384 1932 praetermittitur

320 1927 357 1998 ὅ
370 1932 473 1999 Oratio
498 1933 536 1998 de
560 1942 724 2021 tempore,
756 1942 788 1999 et
811 1932 959 1999 Praelatio
992 1933 1108 2018 legitur
1131 1934 1170 2000 de
1192 1932 1333 2008 Octava,
1356 1933 1384 1996 si

320 2024 485 2176 30001001
508 2023 638 2089 babeat:
662 2042 765 2110 neque
789 2022 938 2089 dicuntur
963 2021 1129 2106 Suffragia,
1153 2030 1185 2087 et
1208 2022 1332 2087 Preces.
1350 2020 1385 2085 Si

357 2120 451 2177 estun
475 2110 591 2197 duplex
614 2112 762 2177 secunde
786 2112 899 2177 classis
923 2131 995 2177 cum
1019 2109 1154 2185 Octava,
1179 2131 1197 2176 a
1220 2109 1385 2175 bominica

326 2198 521 2285 -pririlcgiata
554 2202 587 2265 in
609 2221 704 2286 quam
736 2201 869 2277 incidit,
901 2198 1113 2265 transferatur
1144 2201 1176 2263 in
1208 2198 1384 2264 Sabbatum

336 2303 459 2373 sequens
491 2298 564 2355 ante
596 2291 690 2355 eliam
714 2288 913 2354 Dominicam
945 2308 1033 2374 eque
1057 2287 1309 2375 privilegiatam
1333 2306 1382 2351 se·

340 2376 434 2444 ennuae
451 2377 599 2466 Vespera
615 2386 709 2445 erunt
732 2378 771 2444 de
794 2379 863 2465 ipso
881 2377 975 2443 Festo
992 2398 1064 2443 cum
1081 2377 1385 2442 commemoratione

338 2461 497 2532 llominioae
521 2469 704 2554 sequentis;
735 2469 767 2533 in
792 2469 859 2554 ipsa
892 2487 966 2532 vero
989 2465 1153 2531 [lominica
1176 2465 1216 2530 ad
1239 2465 1386 2538 Laudes,

320 2550 452 2622 :lissam
477 2577 514 2622 ac
537 2556 694 2622 secundas
717 2557 874 2642 Vesperas
898 2554 1157 2620 commemoratio
1182 2554 1303 2638 agenda
1327 2553 1388 2619 erit

320 2641 386 2715 'ei
420 2644 556 2710 Octava.
581 2644 671 2724 Quod
705 2647 732 2710 si
768 2646 835 2710 dies
865 2642 983 2710 Octava
1017 2641 1201 2708 Orationem
1225 2643 1389 2728 propriam

320 2742 323 2749 '
369 2733 477 2810 tincat,
494 2733 562 2799 baec
585 2755 647 2799 non
672 2734 796 2799 dicetur
818 2733 958 2799 Sabbato
976 2731 1167 2818 precedenti
1190 2732 1222 2796 in
1240 2730 1388 2796 secundis

320 2790 697 2996 temtatur
711 2831 881 2976 tuuc
905 2818 1389 2996 detitescentem

328 2994 464 3069 Octavae.
488 2999 519 3064 S.
538 2999 573 3083 li.
593 2999 625 3066 0.
651 3000 691 3065 15
715 2999 798 3088 Sept.
824 2999 909 3066 1756
933 3000 965 3063 in
991 2998 1135 3064 Toletano
1159 2999 1199 3063 od
1224 3000 1252 3064 1.
1270 2998 1305 3063 ln
1329 2997 1389 3062 llo·
1462 3059 1463 3062 ,

320 3089 444 3163 mirica
470 3087 702 3172 Sexagcsimaa‚
734 3090 878 3174 quamvis
901 3087 969 3154 Divi
993 3087 1082 3153 Pauli
1107 3089 1258 3154 recitetur
1281 3085 1389 3152 Oratio

321 3174 473 3249 ¹Doctoris
497 3175 665 3253 Gentium,
701 3177 793 3243 istius
816 3185 923 3242 tamen
958 3177 1218 3242 commemoratio
1253 3182 1390 3241 nonest

321 3265 549 3355 pretereunda
571 3267 602 3331 in
627 3263 803 3350 Sullragiis,
828 3287 886 3333 uec
909 3266 977 3352 ejus
1001 3285 1116 3331 nomen
1142 3265 1172 3328 in
1197 3263 1337 3328 Collecta
1360 3264 1388 3328 A

322 3357 443 3426 cunctis
467 3353 516 3441 (si
540 3355 568 3420 ci
592 3356 681 3420 locus
704 3353 783 3442 sit);
809 3356 917 3438 regula
943 3355 1026 3421 enim
1050 3352 1222 3439 prohibens
1244 3351 1389 3417 Officium

322 3445 423 3512 simul
446 3444 555 3530 peragi
579 3451 611 3509 et
634 3445 980 3520 commemorationem,
997 3444 1046 3509 vel
1064 3441 1224 3528 duplicem
1246 3439 1389 3526 ejusdem

321 3750 507 3833 plungesimn
528 3752 563 3812 ad
586 3753 703 3824 Pascha,
725 3750 814 3828 magis
835 3761 1034 3829 congruentes.
1056 3751 1185 3811 Psalmos
1207 3749 1391 3811 nibilominus

321 3835 475 3893 Dominus
490 3833 625 3910 repnnoit
640 3833 673 3892 ad
697 3832 820 3892 Primam
845 3831 909 3890 ideo
932 3833 1051 3891 sectasse
1074 3832 1230 3909 reponitur,
1251 3849 1285 3890 ne
1309 3830 1393 3909 plane

321 3912 475 3973 omittatur
497 3913 625 3971 Psalnms
647 3912 694 3970 ille
715 3910 764 3989 qui
788 3910 892 3970 minium
916 3910 943 3970 in
966 3909 1083 3970 modum
1106 3910 1186 3970 orbis
1207 3918 1292 3970 terrae
1314 3927 1392 3969 crea·

320 3992 432 4054 tionem
454 3991 654 4063 concelebrat,
682 3990 807 4070 itemque
827 3989 983 4051 salvatoris
1005 3989 1094 4049 nostri
1118 3990 1389 4061 Resurrectionem,

323 4090 452 4154 qnorum
473 4081 595 4150 utraque
615 4070 662 4133 die
683 4070 834 4132 Dominica
854 4068 982 4147 contigit.
1005 4070 1075 4131 Vide
1093 4070 1253 4130 Tetomom.
