3484 4875
576 496 800 544 annorsrronss
816 496 846 543 nr
861 495 955 545 rnsrt
970 493 1106 544 rxnutmr
1173 489 1175 494 ’
1295 480 1356 549 151
1477 562 1478 565 ¹

380 603 440 670 IV.
468 602 503 670 Si
527 604 560 671 in
584 603 667 670 diam
685 603 768 669 banc
785 604 951 688 contingat
974 603 1143 670 transferri
1160 602 1208 669 Ss.
1227 603 1380 674 lnnocen·

329 691 425 782 fiam
448 692 584 759 Festum
607 692 808 779 principale,
832 692 939 757 omnia
963 700 1162 778 peraguntur
1185 701 1222 759 ut
1244 692 1294 759 die
1318 693 1377 760 Ee·

329 781 405 952 a,
443 800 562 866 nempe
595 801 670 848 cum
700 781 808 846 colore
838 780 1003 858 violaceo,
1035 797 1120 852 nono
1144 780 1174 868 tl.
1199 788 1260 847 etc.
1286 790 1379 849 extra

386 869 559 946 minicam,
583 879 619 935 ut
642 869 686 935 ibi
712 868 925 935 monebimus.

329 952 396 1024 {⁴-
422 957 447 1024 1.
476 957 510 1023 Si
534 958 651 1025 alicubi
673 958 706 1022 in
724 957 838 1041 vigilia
862 956 1060 1043 Epiphaniae,
1080 977 1118 1024 ex
1140 957 1307 1044 privilegio
1331 960 1381 1025 vel

329 1044 492 1132 legitima
522 1046 752 1113 consuetudine
783 1044 799 1130 (
811 1045 881 1110 vide
900 1046 1008 1133 'cupro
1033 1067 1059 1113 c.
1085 1046 1103 1110 5
1127 1069 1158 1111 o.
1184 1046 1244 1132 l),
1275 1047 1383 1132 aliqua

329 1151 400 1230 'pr
424 1134 460 1200 id
485 1143 611 1221 tempus
629 1134 812 1199 celebretur
835 1131 966 1209 Octava,
983 1132 1022 1200 de
1047 1133 1098 1199 die
1121 1132 1205 1200 inlra
1229 1133 1385 1202 Octavam

328 1222 472 1308 figenda
502 1231 551 1289 est
581 1229 705 1289 tantum
736 1221 1011 1287 commemoratio.
1040 1220 1143 1287 Coool.
1170 1230 1209 1286 to.
1235 1222 1256 1287 E
1287 1243 1313 1287 c.
1340 1224 1381 1289 l5

329 1309 374 1394 ρ.
398 1311 454 1377 l8.
475 1310 509 1376 ln
534 1311 595 1377 hac
619 1312 704 1376 enim
720 1309 836 1393 vigilia
861 1330 924 1375 non
949 1310 1042 1375 adest
1065 1310 1155 1375 locus
1179 1309 1383 1395 semiduplici

329 1408 523 1484 salsumque
539 1400 733 1465 occurrenti.
751 1398 785 1464 Si
810 1419 909 1484 porro
933 1398 965 1462 in
982 1398 1132 1482 vigiliam
1149 1397 1232 1463 hanc
1247 1397 1381 1464 Festum

334 1485 471 1555 incidat
494 1486 622 1573 duplex,
646 1486 770 1570 vigiliae
794 1488 901 1570 agitur
926 1485 1092 1552 dumtaxat
1116 1487 1381 1551 commemoratio

337 1583 420 1643 cum
450 1596 535 1641 nona
559 1575 710 1641 Lectione
741 1574 905 1650 homiliae;
938 1575 1011 1659 quia
1036 1573 1256 1659 semiduplex,
1285 1582 1382 1659 prout

336 1671 393 1731 est
419 1662 490 1729 haec
513 1663 649 1747 vigilia,
673 1662 759 1728 cedit
782 1661 893 1729 Officio
919 1662 1039 1748 duplici
1063 1663 1245 1728 occurrenti
1269 1663 1382 1729 cadem

364 1752 407 1819 ὀ.
432 1752 624 1838 Exemplum
649 1771 724 1816 vero
748 1751 1019 1818 Patriarchalium
1044 1750 1156 1827 Urbis,
1181 1770 1252 1834 quae
1277 1758 1381 1816 trans·

394 1850 455 1908 unt
478 1840 609 1906 l'estum
633 1838 750 1905 ibidem
776 1839 894 1925 duplex
918 1858 1092 1905 occurrens
1116 1837 1148 1903 S.
1174 1837 1381 1924 Telesphori,

329 1925 375 2016 ,in
407 1948 504 1995 usum
535 1927 726 1995 universalis
750 1926 904 1994 Ecclesiae
934 1947 998 1993 nou
1027 1926 1188 2002 deservit,
1219 1946 1319 2013 quum
1348 1926 1382 2004 id

329 2013 349 2098 ,s
404 2016 533 2083 liciatur
557 2036 595 2082 ox
619 2017 749 2100 antiqua
775 2015 1006 2081 consuetudine
1030 2014 1099 2080 illic
1122 2016 1281 2101 permissa
1305 2034 1323 2079 a
1347 2014 1379 2080 S.

329 2033 442 2178 ffb.
468 2104 489 2170 E
513 2104 699 2171 Decembris
724 2103 820 2169 lata.
846 2104 916 2169 Prae
932 2112 984 2169 ata
1008 2104 1271 2168 commemoratio
1295 2102 1381 2186 Vigi-

329 2180 398 2268 Ὶὶθ
428 2211 502 2259 eum
526 2213 611 2259 noua
634 2192 785 2257 bec'tione
809 2198 869 2258 ete.
895 2192 1001 2257 locum
1025 2190 1144 2267 babet,
1168 2190 1294 2258 etiamsi
1319 2189 1377 2255 Ee·
1504 2260 1506 2265 ¹

330 2287 432 2368 ,stum
464 2302 640 2348 occurrens
665 2280 707 2347 sit
731 2279 850 2366 duplex
874 2280 987 2366 primae
1018 2278 1143 2344 classis.
1167 2278 1263 2344 Bubr.
1289 2278 1334 2343 tit.
1360 2280 1379 2344 d

329 2368 422 2445 Μ
454 2380 483 2435 et
507 2372 552 2435 tit.
577 2371 597 2436 9
628 2392 658 2434 o.
683 2369 714 2433 4.
739 2367 864 2454 Duplex
896 2367 1089 2434 translatum
1117 2386 1181 2432 non
1212 2366 1318 2452 agitur
1348 2366 1383 2432 in

336 2455 405 2531 ,bac
427 2458 567 2542 Vigilia,
599 2459 674 2544 quia
698 2457 768 2544 ipsa
792 2455 939 2524 Officium
971 2456 1095 2522 obtinet
1118 2472 1231 2522 uorem
1255 2453 1378 2520 Lectio·

341 2562 432 2615 uum.
460 2545 535 2612 Gon.
559 2557 630 2612 sect.
656 2547 675 2613 6
700 2568 726 2612 c.
752 2545 770 2609 7
794 2568 824 2612 o.
851 2546 881 2610 l.
909 2545 951 2626 ln
975 2543 1136 2629 Hispania
1169 2543 1378 2609 nibilominus

329 2631 479 2721 ,Iustum
509 2633 542 2701 S.
566 2635 699 2701 Thomas
722 2631 962 2699 cantuariensis
996 2651 1069 2699 cum
1094 2632 1238 2697 occurrit
1260 2630 1292 2696 in
1316 2628 1378 2694 Ilo-

329 2721 486 2800 animoa,
517 2743 555 2789 ax
579 2722 747 2809 privilegio
771 2720 919 2806 Gregorii
941 2720 998 2786 XV
1022 2718 1217 2787 transfertur
1240 2719 1273 2784 in
1298 2718 1380 2786 hanc

329 2802 519 2907 pYigiliam,
551 2811 682 2878 tametsi
714 2818 829 2894 agatur
852 2810 918 2875 ritu
942 2809 1185 2896 semiduplicis;
1212 2816 1379 2874 tumuere

341 2892 490 2984 logendae
513 2908 590 2966 sunt
612 2900 781 2965 Lectiones
805 2898 903 2984 primi
919 2897 1074 2964 Nocturni
1098 2909 1162 2963 non
1187 2896 1317 2983 quidem
1341 2892 1380 2962 de

329 2948 530 3080 {Eommunt
554 2989 611 3055 sed
636 2988 675 3054 de
699 2986 867 3073 Scriptura
900 3006 957 3053 seu
981 2986 1020 3052 de
1043 2985 1159 3069 Vigilia
1182 2983 1379 3072 Epiphaniae.

329 3074 378 3149 ιδ.
403 3075 442 3141 R.
470 3075 502 3143 0.
528 3077 571 3155 ll„
593 3078 674 3163 Artp.
700 3075 786 3142 taut
809 3077 842 3139 io
868 3073 1035 3140 Groooteo.
1061 3073 1103 3139 od
1126 3075 1155 3139 7.

344 3212 349 3223 .
388 3163 429 3230 11.
444 3162 488 3229 ·Si
512 3162 628 3249 Vigilia
652 3162 839 3251 Epiphaniae
863 3163 1014 3229 inciderit
1037 3163 1068 3229 in
1093 3160 1315 3238 llominicam‚
1341 3161 1380 3227 de

329 3234 416 3328 dac,
443 3259 553 3337 utpote
578 3261 721 3329 vacante,
747 3252 827 3317 nibil
851 3251 897 3319 lit.

336 3394 350 3411 ,.
386 3339 443 3405 111.
467 3340 502 3406 ln
526 3340 623 3407 ldissa
645 3340 771 3424 Vigiliaa
794 3339 980 3426 Epiphania
1004 3337 1164 3403 omittitur
1182 3336 1293 3411 Credo,
1317 3336 1378 3402 nisi

340 3427 379 3501 in
401 3427 570 3494 Dominica
601 3428 800 3504 occurrerit:
834 3434 966 3514 propter
989 3425 1073 3492 hanc
1095 3426 1214 3510 quippe
1239 3423 1377 3498 dicitur,

340 3512 475 3593 ¹tarttetsi
500 3516 539 3582 de
563 3537 600 3583 ea
624 3517 703 3583 nibil
727 3517 792 3582 liat.
817 3515 914 3580 Robr.
939 3514 984 3580 tit.
1003 3514 1055 3579 ll.
1080 3513 1196 3578 lstbarc
1220 3512 1305 3576 eninr
1328 3510 1379 3575 Vi·

334 3598 421 3695 [gilla
446 3626 510 3672 nou
534 3614 584 3671 cst
607 3603 739 3681 ferialis,
756 3603 813 3670 sed
837 3602 952 3669 festiva
976 3622 1013 3669 ac
1037 3602 1129 3689 qutasi
1152 3597 1376 3675 Dominicalis;

336 3693 482 3783 proinde
506 3693 559 3758 ubi
590 3693 652 3759 boc
678 3700 822 3780 tempore
845 3693 953 3777 aliqua
977 3711 1014 3756 ex
1038 3690 1204 3778 privilegiu
1236 3687 1378 3754 celebra-

345 3788 436 3869 petur
459 3779 602 3858 Octava,
634 3782 666 3848 in
691 3781 787 3847 llissa
809 3780 935 3871 Vigilite
968 3778 1138 3845 dicendum
1170 3775 1255 3843 iorct
1280 3775 1378 3843 Credo

330 3870 471 3941 ,urtone
494 3868 633 3943 Octava,
657 3869 684 3935 si
706 3868 781 3934 buie
805 3888 902 3934 exse
927 3873 1135 3954 cornpeteret‚
1159 3867 1243 3936 sicut
1267 3864 1373 3932 dicen-

345 3954 421 4026 dum
444 3958 669 4047 prescribitur
692 3957 817 4023 rationo
839 3952 1024 4022 Dominicae.
1046 3953 1150 4020 Ooool.
1176 3964 1215 4020 to.
1240 3953 1261 4018 i
1285 3975 1311 4019 c.
1335 3952 1375 4018 t5

330 4044 412 4115 'dd
437 4071 468 4114 u.
495 4046 514 4114 a
539 4055 569 4112 et
593 4057 632 4114 to.
652 4047 671 4114 5
695 4045 781 4112 alb
804 4067 834 4111 o.
861 4045 913 4112 ll.
938 4044 1005 4110 Into
1030 4040 1113 4110 foret
1138 4039 1321 4127 usurpanda
1345 4048 1377 4104 et
