3484 4875
618 494 1013 542 ruounmunaormumn
1260 476 1325 543 657

269 605 454 691 Conceptto
477 600 607 669 Immae.
623 602 659 666 B.
674 602 714 668 Μ.
731 601 767 668 V
786 602 902 688 ubique
918 601 1051 669 colenda
1074 608 1123 669 est
1144 620 1218 669 eum
1233 600 1345 673 0111515

319 700 356 759 51
370 692 469 759 Μ1555
491 690 674 768 novissima,
690 690 797 757 adnot
815 691 925 757 61155.
942 712 972 757 n.
989 691 1013 757 Ι.
1030 690 1162 770 Quando
1184 691 1321 757 incidit
1311 715 1344 760 m

318 781 524 848 Dominicam
546 779 718 847 secundam
735 779 896 847 Adventus
912 778 978 884 (ubi
1001 781 1181 847 celebratur
1196 780 1255 846 sub
1279 781 1345 851 ritu

319 870 401 975 dup.
424 869 573 937 secunda
596 867 730 955 classis)
754 867 976 935 transfertur
968 890 1000 935 m
1023 869 1146 937 Feriam
1170 867 1344 938 secundam

322 960 560 1046 insequentem,
576 958 651 1023 ibid.
668 979 699 1024 n.
717 957 755 1023 ll
773 956 807 1024 Si
829 957 1114 1044 51556155651555
1142 961 1321 1025 occurrat
1313 981 1345 1028 ur

321 1047 418 1114 Faria
442 1055 557 1134 quarta
580 1046 723 1129 Quatuor
745 1046 959 1132 '‚l'emporum
984 1046 1022 1112 de
1046 1046 1137 1113 Feria
1161 1047 1196 1113 61
1219 1055 1343 1116 1551551

322 1136 599 1213 commemoratio,
623 1137 685 1201 51
677 1156 709 1201 m
732 1136 827 1201 llissa
851 1137 968 1220 legitur
991 1144 1178 1203 consuetum
1202 1136 1344 1223 Frange·

268 1223 276 1248 ’
324 1225 406 1291 lium
438 1224 470 1290 8.
493 1223 646 1327 loannis,
678 1224 785 1291 adnot
810 1224 948 1290 151155.
973 1245 1003 1291 5.
1028 1223 1134 1291 LUbi
1166 1234 1198 1290 et
1230 1225 1346 1309 quibus

324 1313 440 1380 diebus
462 1299 558 1380 blissa
588 1315 691 1378 votiva
715 1313 754 1379 de
776 1313 984 1379 Immaculata
1006 1312 1218 1400 Conceptionc
1241 1332 1260 1378 a
1283 1314 1345 1381 No·

325 1404 483 1468 stratibus
507 1402 663 1468 celebrari
685 1411 790 1488 queat,
815 1422 842 1468 c.
867 1402 941 1467 65.
966 1403 1018 1467 15.

279 1490 454 1557 Conclusio
477 1491 663 1558 Qrationum
687 1511 748 1591 qua
772 1492 896 1557 ratione
920 1490 1065 1567 dated
1090 1488 1347 1571 1516655565

325 1579 498 1646 dicendum
521 1579 627 1645 55115
650 1578 768 1645 unitate
790 1578 929 1666 ejusdem
950 1578 1083 1668 Spiritus
1105 1580 1212 1657 555511,
1236 1580 1312 1647 ibid.

279 1668 513 1735 Concurrentia
537 1668 663 1754 quando
686 1667 832 1745 babetur,
856 1689 883 1734 c
909 1670 981 1734 55.
1007 1670 1037 1733 1.
1054 1667 1153 1734 Fllec
1140 1676 1192 1734 us
1216 1690 1348 1736 concur·

324 1759 451 1834 rectia,
475 1756 551 1822 ibid
575 1778 607 1823 n.
630 1758 661 1822 1.
684 1756 721 1822 ln
744 1777 902 1824 concursu
926 1757 1011 1823 Festi
987 1758 1177 1842 tprimarii
1200 1778 1273 1825 cum
1296 1778 1346 1825 se·

327 1846 485 1912 cundario
508 1845 650 1931 ejusdem
674 1846 775 1922 ritus,
805 1846 844 1912 de
876 1867 937 1932 quo
962 1846 1177 1933 persolvendae
1201 1849 1265 1914 sint
1287 1847 1346 1914 Ve-

326 1955 444 2021 s‚perae
462 1954 534 2021 pag.
505 1935 593 2001 571
610 1936 641 1999 15
658 1943 741 2000 nota.
756 1933 838 2014 Quid
854 1937 881 2002 51
897 1935 1025 2002 Festum
1042 1936 1221 2022 cujuspiam
1238 1935 1348 2003 Sancti

328 2032 504 2089 concurrat
527 2044 600 2089 cum
623 2023 673 2089 die
697 2022 815 2089 Qctava
832 2023 870 2089 dc
894 2024 1005 2089 eodem
1029 2023 1157 2101 Sancto,
1175 2046 1201 2090 5.
1225 2025 1243 2088 5
1268 2046 1299 2089 n.
1316 2025 1346 2090 5

328 2111 411 2178 Vide
440 2112 592 2201 Vesperoe.

283 2199 471 2266 Concursus
482 2200 590 2287 populi
605 2201 805 2287 quandonam
818 2198 913 2265 efficit
924 2206 961 2263 ut
971 2200 1175 2285 permittatur
1188 2199 1281 2265 lllissa
1297 2222 1349 2266 vo·

333 2290 399 2356 tiva
416 2290 579 2365 solemnis,
596 2311 623 2355 5
637 2291 704 2356 Cn.
729 2291 759 2354 5.
783 2287 946 2368 Quomodo
963 2288 1162 2364 celebranda,
1178 2287 1253 2354 ibid.
1270 2310 1300 2354 n
1319 2289 1349 2355 6.

282 2376 499 2445 Coniormitas
516 2379 620 2445 tttssae
637 2399 708 2446 cum
725 2377 844 2444 Officio.
862 2376 992 2457 Quando
1010 2376 1165 2444 Sacerdos
1183 2377 1348 2444 celebrans

326 2469 363 2533 in
386 2468 489 2533 aliena
513 2467 654 2534 Ecclesia
678 2468 771 2534 debet
793 2488 828 2534 se
851 2469 897 2533 illi
921 2467 1141 2543 conformare,
1165 2487 1192 2532 c.
1217 2467 1236 2533 9
1261 2488 1291 2532 n.
1317 2469 1347 2534 l.

328 2555 498 2636 Quomodo
521 2577 556 2621 se
579 2556 780 2623 conformare
803 2557 926 2632 debeat,
951 2556 1025 2622 ibid.
1050 2577 1081 2621 n.
1104 2557 1135 2621 1.

282 2643 493 2711 Consecratio
529 2645 702 2724 Ecclesia,
736 2646 806 2712 vide
839 2645 997 2711 Dedicotio
1032 2653 1064 2710 et
1096 2644 1349 2710 Auoiucrsort'um

330 2734 551 2799 Dedieotr‘ouis.

282 2821 490 2888 Consuetudo
519 2821 674 2888 recitandi
698 2820 842 2888 Officium
871 2822 921 2887 vel
952 2820 1124 2900 Octavam,
1158 2829 1213 2887 aut
1242 2821 1348 2889 altiori

327 2911 395 2977 ritu
413 2931 515 3013 ‘quam
538 2913 570 2978 in
594 2912 754 2977 Breviario
778 2911 919 2977 Romano
944 2911 1143 2997 designatur,
1167 2932 1206 2977 an
1230 2912 1350 2978 servari

355 3001 446 3075 55511,
471 3021 497 3066 5.
523 3000 596 3066 55.
622 3001 652 3066 l

283 3020 500 3154 6516151555
526 3088 655 3155 Festum
687 3098 736 3155 est
767 3088 805 3154 de
836 3096 995 3175 praecepto
1026 3091 1058 3156 in
1088 3096 1155 3155 1515
1185 3089 1348 3165 llcclesia,

328 3175 439 3242 adnot.
457 3185 530 3264 post
545 3179 583 3243 51
599 3178 681 3265 Μ511.
699 3178 888 3244 dnnotanda
904 3187 977 3244 sunt
994 3177 1181 3264 quaedam
1155 3198 1239 3243 orrca
1255 3177 1349 3264 hujus

332 3265 420 3331 Festi
445 3266 684 3352 praelationem,
719 3267 1054 3333 commemorationem
1087 3275 1119 3331 et
1152 3265 1349 3352 Hymnorum

331 3356 582 3432 conclusionem,
606 3354 682 3420 ibid.

284 3440 400 3509 Cordis
423 3444 456 3509 B.
481 3445 520 3509 Μ.
538 3443 573 3509 V.
598 3444 738 3518 Festum,
754 3442 861 3508 adnot.
885 3450 958 3528 post
979 3443 1021 3507 11
1045 3442 1123 3525 bug.
1147 3441 1350 3507 Animadver-

329 3533 437 3598 sioucs
460 3534 490 3598 in
514 3532 611 3609 illud,
635 3531 710 3598 ibid.
735 3530 815 3610 Quid
839 3533 866 3596 si
890 3531 1009 3596 incidat
1031 3530 1063 3596 in
1087 3530 1214 3596 Festum
1237 3529 1363 3597 llecol·'

330 3621 459 3687 lationis
484 3621 516 3687 S.
540 3621 671 3687 Joannis
694 3621 855 3706 Baptista,
879 3619 954 3685 ibid.

285 3707 439 3796 Corporis
462 3710 578 3776 Christi
601 3710 813 3786 solemnitas,
845 3715 953 3774 annot.
977 3709 1010 3773 in
1032 3707 1126 3774 Festa
1154 3707 1210 3774 SS.
1234 3707 1346 3776 Trinit.

329 3807 364 3864 et
387 3798 444 3864 SS.
469 3798 562 3886 Corp.
587 3800 714 3875 Christi,
739 3820 768 3864 n.
792 3798 823 3864 6.
848 3798 1013 3864 Processio
1036 3797 1091 3863 ubi
1114 3797 1293 3884 incipienda
1317 3809 1348 3865 et

330 3887 535 3967 absolvenda,
559 3889 634 3955 ibid.
652 3909 683 3955 n.
701 3890 730 3954 5.
748 3887 912 3967 Quomodo
936 3885 1121 3964 ordinanda,
1145 3886 1219 3953 ibid.
1237 3887 1300 3953 Cur
1315 3889 1348 3955 in

329 3977 418 4042 illius
439 3975 548 4043 Qibeio
572 3979 689 4064 saepius
712 3979 845 4043 iteretur
861 3976 1008 4063 Allelojo,
1024 3995 1095 4062 pag.
1121 3976 1183 4042 516
1207 3978 1239 4042 15
1262 3985 1347 4043 nota.

329 4064 408 4155 11155
432 4065 499 4133 6155
522 4066 639 4134 651555
663 4067 777 4153 quibus
800 4064 890 4134 lestis
913 4066 1006 4144 cedit,
1022 4084 1094 4154 pag.
1119 4066 1181 4132 517
1206 4066 1237 4133 15
1261 4074 1345 4132 nota.
