3484 4875
709 620 1015 691 auuurtrluuus

585 779 640 846 in
680 777 847 842 Festa
884 776 1154 843 Octobris

340 978 502 1045 Dominica
526 974 672 1041 Octobris
694 974 797 1060 prima
816 973 906 1060 juxta
938 973 1030 1062 civile
1053 981 1240 1060 computum
1267 972 1369 1038 Festum

383 1066 562 1132 celebratur
585 1064 641 1129 SS.
667 1063 789 1128 [tosarii
814 1062 846 1126 B.
871 1062 910 1127 11.
927 1058 975 1137 V.,
993 1064 1075 1128 utin
1099 1063 1290 1128 Kalendario
1311 1062 1369 1127 desi·

382 1165 512 1238 gnatum
536 1162 593 1219 est.
617 1153 652 1217 ln
676 1150 863 1215 Praelatione
887 1171 1087 1236 nequaquam
1111 1152 1230 1217 dicitur
1253 1151 1370 1216 1333

382 1244 578 1308 Solemnitato
602 1241 731 1315 Rosarii,
748 1240 804 1304 sed
828 1246 951 1303 tautum
973 1239 1011 1304 Ft
1035 1250 1061 1305 te
1085 1243 1117 1303 in
1139 1240 1332 1305 Solemnitatc
1349 1238 1372 1303 d.

381 1332 423 1396 M.
448 1332 479 1395 V.
498 1340 556 1395 ctc.
574 1332 604 1395 S.
623 1330 657 1394 11.
678 1330 708 1394 C.
727 1327 854 1392 611331.
874 1327 954 1393 1761
976 1328 1006 1391 iu
1021 1330 1138 1415 Aquen.
1158 1329 1200 1393 acl
1216 1330 1247 1395 a.
1265 1327 1371 1407 Quando

383 1420 537 1507 ejusmodi
568 1418 696 1483 Festum
723 1417 862 1482 occurrit
887 1417 937 1480 die
961 1419 1053 1482 tertia
1085 1417 1202 1502 hujus,
1234 1417 1314 1501 apud
1336 1435 1374 1480 nos

382 1508 506 1595 Hymno
531 1507 734 1593 completorii
757 1505 885 1571 minime
909 1504 1056 1590 adjicitur
1080 1506 1225 1571 clausula
1249 1506 1318 1571 Jesu
1339 1504 1375 1569 tibi

381 1600 420 1661 sit
440 1597 539 1683 pluria
562 1606 633 1672 313,
657 1596 730 1681 quia
753 1595 784 1659 in
808 1592 955 1659 secundis
979 1593 1126 1680 Vesperis
1149 1615 1214 1660 non
1239 1594 1275 1659 fit
1296 1595 1374 1680 ipsius
1410 1651 1412 1658 .

383 1687 651 1750 commemoratio.
675 1683 822 1748 Videatur
844 1682 1000 1747 annotatio
1023 1684 1055 1746 in
1077 1683 1119 1747 ‘db
1137 1684 1286 1747 territorii
1304 1706 1331 1747 n.
1344 1678 1377 1746 ll
1406 1677 1412 1806 q

383 1774 425 1837 :tf
449 1772 483 1837 Si
505 1775 536 1838 in
561 1772 668 1838 Olbcio
692 1771 747 1837 SS.
772 1770 896 1836 Rosarii
920 1773 1181 1837 commemoratio
1206 1771 1325 1856 agenda
1347 1770 1376 1834 sit

385 1862 562 1947 cujuspiam
587 1861 618 1926 S.
636 1861 794 1947 Martyris,
818 1859 956 1943 Virginis
979 1862 1028 1924 vel
1044 1859 1166 1936 Viduae,
1183 1862 1229 1926 uti
1246 1861 1279 1925 B.
1296 1859 1376 1924 Ludo·

387 1951 463 2014 viere
487 1950 570 2036 apud
594 1971 673 2027 nos,
705 1950 796 2014 istius
818 1948 846 2030 i.
870 1950 902 2012 in
926 1948 1084 2014 Laudibus
1108 1950 1171 2014 erit
1194 1950 1301 2038 Specie
1321 1960 1376 2021 tao,

383 2058 422 2103 ne
445 2038 493 2103 bis
517 2039 639 2104 dicatur
663 2039 794 2124 Diffusa.
1213 2042 1218 2052 ‘
1409 2083 1412 2102 .

427 2128 464 2192 ll.
490 2128 523 2192 Si
547 2130 649 2215 prima
672 2127 835 2191 [lominica
856 2124 1003 2192 Octobris
1025 2125 1119 2192 Festo
1143 2126 1332 2214 impediatur
1349 2144 1376 2187 a·
1410 2109 1412 2180 1

383 2218 484 2300 qualis
509 2219 557 2282 vel
581 2218 702 2282 altioris
727 2217 806 2280 ritus
830 2224 885 2280 aut
917 2215 966 2279 die
989 2214 1107 2280 Octava
1140 2215 1239 2302 (quae
1271 2215 1376 2280 nonsit

383 2306 422 2369 de
444 2306 477 2369 B.
503 2306 541 2369 bl.
565 2306 601 2371 V.
629 2306 738 2391 Confer
761 2304 913 2368 3131
936 2303 973 2369 1.“
987 2303 1014 2389 )‚
1037 2303 1169 2370 Festum
1193 2302 1250 2369 SS.
1275 2301 1374 2368 Rosari

382 2396 543 2479 nequitia
569 2394 763 2459 liomiuicam
788 2393 971 2478 sequentem
995 2392 1184 2469 transferri,
1216 2392 1272 2458 sed
1303 2409 1389 2477 repo.

382 2485 519 2549 nendum
544 2486 604 2549 erit
628 2485 677 2547 die
700 2485 842 2568 proxima
866 2503 929 2547 non
953 2483 1103 2568 impedita
1124 2484 1215 2569 juxta
1232 2482 1372 2547 Rubriras.

382 2572 412 2636 S.
438 2573 473 2636 11.
500 2573 531 2637 0.
556 2574 591 2637 11
625 2571 688 2636 tnt.
714 2572 797 2636 1655
823 2571 853 2634 in
880 2571 1119 2635 01333333331
1153 2573 1168 2636 1
1197 2581 1227 2635 31
1249 2571 1279 2635 ⁶2.
1302 2571 1338 2634 13
1355 2567 1373 2629 si

383 2659 594 2725 transferatur
625 2661 664 2725 31
689 2661 886 2734 Adventum,
918 2659 1138 2724 immutabitur
1172 2661 1285 2724 ultima
1306 2655 1371 2722 dnti-

382 2748 486 2832 phona
511 2751 595 2814 tertii
617 2749 770 2813 Nocturni
793 2756 824 2812 et
849 2749 977 2812 ultimus
1001 2748 1027 2830 γ’.
1047 2747 1226 2825 1133133113,
1249 2741 1371 2832 quemad·

383 2838 510 2900 modum
535 2838 572 2902 de
593 2838 686 2901 Festo
703 2836 873 2901 Patrocinii
897 2836 1038 2921 ejusdem
1061 2837 1094 2901 B.
1113 2837 1151 2900 11.
1170 2838 1206 2902 V.
1231 2836 1370 2901 6113333·

382 2923 448 2988 bris
471 2925 717 2990 observabimus.
742 2923 800 2990 Ubi
832 2944 905 2990 vero
929 2925 1009 2989 illud
1041 2933 1196 3010 perpetuo
1230 2918 1368 2990 transferri

384 3015 586 3088 accessesit,
610 3015 639 3077 id
665 3011 891 3099 praestandum,
916 3014 999 3099 quod
1023 3015 1188 3079 annotatio
1213 3013 1253 3078 31
1276 3013 1368 3078 331333

383 3119 453 3184 prag.
478 3102 515 3166 61
543 3103 692 3167 13313331.

339 3185 410 3251 Dies
431 3189 541 3255 tilensis
566 3191 594 3256 1.
618 3229 662 3238 -
684 3191 706 3255 1.
729 3191 834 3258 Prima
859 3191 908 3255 die
932 3211 994 3256 non
1018 3190 1170 3278 impedita
1196 3191 1308 3256 dicitur
1320 3181 1368 3252 611·

384 3278 467 3343 cium
490 3279 728 3345 Delttnctorum.
753 3280 862 3367 Redepe
885 3301 910 3344 a.
936 3280 954 3344 7
978 3302 1007 3343 n.
1034 3281 1052 3343 5
1077 3290 1106 3344 et
1130 3303 1153 3346 3.
1182 3280 1201 3345 6
1225 3303 1254 3345 3.
1277 3279 1323 3343 15.

426 3367 463 3431 ll.
488 3367 617 3434 Festum
640 3367 671 3433 S.
697 3368 831 3453 Remigii
855 3376 904 3434 cst
927 3367 1123 3454 semiduplex
1148 3367 1189 3433 ad
1215 3365 1370 3439 tibitnnet

382 3455 516 3541 simplex
539 3477 576 3522 ex
599 3466 768 3542 praerepto.
792 3457 993 3544 Quapropter
1017 3476 1088 3522 cum
1113 3458 1272 3522 omittitur
1301 3455 1369 3541 prud

381 3545 576 3631 semiduplex
600 3545 639 3610 ad
662 3545 796 3622 libitum,
814 3547 882 3632 ejus
908 3547 1169 3612 commemoratio
1195 3544 1311 3631 agenda
1330 3545 1369 3608 est,

382 3640 536 3714 quatenus
567 3635 719 3719 simplicis
746 3635 836 3720 juxta
866 3634 1030 3700 Rubricas.
1055 3634 1086 3698 S.
1111 3635 1147 3700 R.
1177 3637 1208 3701 0.
1234 3634 1274 3699 11
1301 3629 1369 3697 11331

383 3718 467 3785 1676
491 3724 522 3789 t'n
545 3722 708 3787 dienieaua
731 3723 772 3787 ad
796 3725 825 3789 7.
1410 3732 1412 3743 '

426 3806 478 3873 lll.
502 3811 560 3875 Ubi
584 3811 615 3875 S.
633 3810 766 3895 Remigii
793 3810 937 3877 (illiciam
960 3812 1154 3897 persolvitur
1177 3813 1241 3878 ritu
1264 3803 1371 3877 semida·

382 3894 468 3980 plici,
488 3897 532 3962 ibi
556 3898 702 3965 dicuntur
725 3902 830 3965 omnia
853 3901 892 3966 de
916 3900 1079 3965 Communi
1098 3899 1294 3966 Conlessoris
1316 3897 1372 3960 roo·

384 3983 475 4050 tiliois
492 3988 593 4070 primo
618 3989 686 4052 loco
711 3997 826 4074 preter
841 3989 1007 4055 Lectiones
1032 3990 1127 4077 primi
1144 3990 1306 4061 Nocturni,
1321 3997 1370 4070 qua

382 4081 456 4138 sunt
488 4073 527 4140 de
550 4073 715 4177 Scriptura
747 4087 956 4156 occurrente,
988 4099 1026 4145 ac
1055 4079 1195 4166 primam
1218 4079 1371 4146 Lectionum
