3484 4875
571 512 794 560 incommodus
811 514 841 560 m
857 514 948 561 ansm
963 514 1066 562 ntum
1263 498 1329 566 255

312 616 355 683 si
375 639 438 708 qua
461 618 546 686 fonte
569 619 652 707 apud
678 621 897 706 Privilegiatos
920 620 1003 687 binis
1027 622 1091 688 illis
1107 620 1217 689 diebus
1241 644 1353 691 oecur-

312 715 385 775 tn.
402 710 445 775 ,ti
469 710 555 775 enim
578 711 606 775 si
630 710 723 775 ambo
744 709 810 795 jam
828 710 896 775 dies
918 711 982 776 sint
998 710 1100 777 Festis
1123 712 1245 778 altioris
1269 714 1351 780 ritus

312 798 484 884 bocupati
510 805 586 864 tuno
609 797 753 864 Officium
777 798 1007 865 Vitudurum
1031 820 1111 886 opus
1138 801 1199 866 erit
1221 802 1350 887 penitus

312 881 496 972 'preteriri
513 889 639 952 tametsi
657 888 918 973 impedimentum
935 896 1123 975 perpetuum
1141 888 1233 955 foret.
1251 890 1347 956 Robr.

312 971 424 1064 moui.
448 999 480 1041 o.
506 976 569 1041 too
593 978 674 1042 ecs.
700 977 736 1041 n.
763 977 795 1042 o.
819 977 861 1041 ao
884 976 960 1042 uei.
988 957 1072 1042 todo
1097 980 1129 1041 n
1153 978 1289 1045 naiaco.

313 1064 424 1131 ι“.ΙΙΙ.
449 1065 485 1129 ln
510 1066 613 1150 primo
644 1065 672 1148 d.
698 1064 864 1131 Gradualis
890 1066 992 1131 Misso
1015 1066 1070 1130 Vll
1101 1066 1254 1133 liciorum
1277 1076 1351 1154 post.

313 1151 422 1220 *erbe
445 1154 513 1219 Hoc
539 1154 645 1219 Crucis
667 1156 728 1239 sert
750 1154 938 1243 supplicium
963 1154 1106 1220 addenda
1131 1165 1180 1221 est
1202 1177 1262 1221 vox
1285 1158 1349 1222 Au·

362 1266 402 1318 or,
421 1263 458 1309 ac
479 1243 522 1307 ita
546 1243 700 1327 legendus
724 1244 790 1308 Hoc
809 1243 916 1309 Crucis
937 1245 999 1328 sort
1020 1244 1209 1332 supplicium
1232 1246 1351 1311 Auctor

356 1332 398 1397 'tae
426 1333 527 1419 scotus
559 1331 649 1397 domo
678 1341 737 1398 eto.
762 1333 793 1398 S.
817 1331 853 1396 R.
882 1331 913 1397 0.
940 1333 980 1397 id
1003 1332 1086 1420 Sept.
1112 1333 1196 1399 1857
1226 1335 1257 1397 in
1287 1356 1349 1399 orio

313 1415 499 1488 'lubiorum
523 1419 564 1483 od
588 1422 617 1487 t.
634 1422 771 1487 Ultimus
787 1421 815 1503 pi.
834 1420 975 1506 ejusdem
1000 1419 1168 1488 Gcadualis
1196 1422 1350 1488 dicendus

313 1505 416 1588 *hatra
441 1508 717 1595 septuagesimam
740 1519 773 1576 et
795 1518 922 1595 tompus
945 1510 1109 1587 Paschale,
1132 1510 1184 1575 hio
1207 1520 1272 1576 est:
1297 1512 1350 1577 At-

313 1595 444 1685 ·'ieiojo‚
469 1599 608 1683 olieiojo.
632 1599 659 1682 d.
684 1599 792 1664 Stabat
813 1608 919 1663 sancto
943 1598 1056 1674 Morio,
1080 1600 1150 1665 coeii
1172 1600 1298 1686 Ropioo,
1323 1610 1352 1665 et

313 1677 437 1754 'hoedi
458 1687 601 1765 Domino,
611 1689 708 1774 juxto
728 1687 859 1753 Crucem
882 1687 1009 1753 Domini
1028 1688 1125 1753 nostri
1146 1688 1220 1754 iesu
1238 1688 1354 1754 Christi

329 1776 480 1842 dolorosa.
505 1775 685 1862 Sequentiae
709 1776 892 1863 adjungitur
916 1776 1061 1863 Aliciojo.
1079 1777 1114 1841 In
1138 1778 1241 1843 votiva
1264 1797 1351 1853 vero,

313 1865 399 1954 ³quia
416 1864 597 1950 Sequente
613 1866 703 1931 loeus
720 1887 782 1931 non
799 1865 901 1939 adest,
916 1865 1034 1931 idcirco
1051 1865 1188 1954 Aitoiip‘o
1201 1865 1352 1933 subditur

313 1955 399 2044 *post
423 1956 451 2037 p.
476 1955 525 2020 Ito
548 1954 672 2020 Missoie
694 1955 783 2020 Rom.
800 1955 938 2042 tppicnm
963 1955 1071 2019 nomo
1093 1955 1163 2021 edit.
1180 1977 1230 2021 oo.
1249 1956 1347 2022 dddd.

692 2370 939 2442 Audendum

591 2555 628 2601 IN
657 2554 804 2601 Tannus
833 2553 1041 2600 Pdsslouls

350 2737 378 2801 d.
398 2735 480 2800 Anto
498 2735 617 2821 primas
633 2735 791 2821 Vesperas
808 2736 980 2803 Dominiom
998 2735 1157 2802 Passionis
1179 2754 1241 2800 non
1258 2731 1353 2799 modo

350 2846 402 2891 cos
426 2834 458 2889 et
481 2822 657 2890 Salvatonis
680 2825 849 2910 Imagines,
873 2846 984 2892 venum
1008 2826 1103 2891 etiam
1126 2824 1237 2890 leones
1260 2822 1294 2888 B.
1312 2822 1352 2889 M.

313 2994 316 3003 .
347 2922 377 2979 et
399 2913 592 2979 Sanctorum
616 2923 691 2980 sunt
714 2915 946 3001 cooperiendae,
970 2914 1151 3000 etquidem
1175 2914 1244 2978 velo
1269 2910 1351 2999 (vio·

312 3001 396 3090 tneo)
428 3013 494 3067 tam
518 3001 616 3068 denso
644 3011 680 3068 ut
710 3003 877 3088 introspioi
910 3005 996 3070 nulio
1028 3011 1120 3089 pacto
1154 3003 1277 3088 possint
1300 2999 1347 3088 (*).

312 3074 383 3157 tor.
407 3091 491 3156 niis.
516 3101 545 3156 o
568 3093 598 3157 s,
623 3092 660 3157 n.
688 3092 719 3157 o.
745 3093 763 3157 7
788 3093 871 3181 sepi.
898 3094 983 3159 ioco
1015 3093 1046 3157 u
1077 3092 1223 3158 tiernus.
1247 3090 1289 3155 ec
1313 3090 1354 3155 m

312 3180 390 3246 tid.
416 3179 470 3245 Sic
494 3200 590 3266 porro
614 3189 773 3266 coopentae
791 3181 907 3249 debent
930 3201 1128 3268 permanere,
1146 3179 1263 3245 Cruces
1287 3178 1353 3264 qui·

312 3256 359 3333 ien
382 3289 482 3356 usque
506 3269 546 3334 ad
571 3269 793 3345 detectionem,
810 3292 881 3356 quoe
904 3270 995 3336 Fenia
1019 3278 1107 3335 sexta
1129 3269 1160 3333 in
1177 3268 1353 3333 Parasoeve

312 3355 422 3433 tdmum
447 3379 465 3423 a
488 3357 675 3449 Celebrante
698 3360 884 3445 perxiguum
908 3359 1066 3443 Imagines
1089 3377 1164 3422 vero
1189 3375 1288 3441 usque
1312 3353 1351 3419 ad

343 3615 378 3693 (Ἴ
398 3621 458 3678 iloe
479 3624 611 3694 tempore
632 3620 739 3677 cruces
762 3622 790 3674 et
810 3613 951 3692 Imagines
973 3613 1178 3692 eoopieciuntm
1200 3611 1227 3672 in
1251 3629 1354 3672 moen-o-

312 3682 328 3749 is
339 3705 423 3776 atque
440 3700 535 3757 tuctus
552 3696 708 3770 indicium3
724 3694 873 3774 speciatim
898 3713 966 3755 vem
981 3702 1012 3752 ut
1029 3695 1081 3754 hoe
1097 3693 1151 3754 citu
1167 3691 1353 3770 significetur,

313 3777 379 3837 nond
407 3777 573 3850 Christum,
596 3794 663 3836 eum
682 3776 740 3856 jani
763 3774 885 3852 coepisse
909 3775 984 3853 apud
1007 3773 1124 3835 dudaeos
1145 3793 1200 3836 non
1229 3771 1353 3850 enipiius

312 3850 375 3918 dem
398 3857 572 3931 ambuleio,
600 3865 686 3936 etque
708 3875 739 3914 sc
760 3853 961 3929 abscondisse3
991 3853 1085 3933 quood
1108 3857 1226 3914 Societos
1247 3861 1352 3924 eutem,

312 3928 404 3998 inimo
425 3936 548 4004 decere,
579 3943 610 3996 ut
630 3944 725 4014 pateat
745 3930 901 3996 Servorum
929 3933 1023 4011 imago
1044 3952 1077 3994 ao
1097 3932 1247 4012 splendide
1275 3932 1353 3994 cole*

316 4018 449 4092 isdum
471 4034 572 4079 eorum
595 4017 716 4078 Domino
737 4034 795 4075 non
815 4023 857 4074 ost
881 4018 1102 4092 speciososque
1122 4016 1219 4075 decor.
1245 4012 1352 4092 Confer

312 4109 450 4160 etonem.
