3484 4875
367 480 431 547 576
506 500 677 546 ANNOTANDA
689 500 719 544 m
730 498 889 544 nummulus
902 500 938 544 ΕΤ
949 500 1055 546 reulus
1068 498 1232 546 summula

343 610 390 676 ria
423 616 535 693 quarto
567 615 714 672 aeserta
738 604 881 671 Officium
914 606 1042 691 agitur,
1072 605 1220 691 quomodo
1239 603 1326 689 tuuc.
1344 609 1370 668 ι

343 698 536 786 praecedenti
561 696 651 761 Feria
685 696 779 761 tertia
809 704 842 760 et
871 695 981 780 quinta
1013 694 1195 761 ordinandae
1222 696 1324 778 sintpdt
1345 720 1372 755 ι

299 860 301 863 Α
344 807 383 853 ex
407 787 499 852 dictis
521 786 554 851 in
578 784 826 869 Quadragesima
849 806 880 849 n.
906 783 936 849 l.
961 782 1040 852 uum
1064 805 1139 850 vero
1162 784 1197 849 de
1225 782 1324 868 iusim
1345 786 1372 862 jn

345 876 468 961 agitur,
499 872 662 939 servandae
692 882 783 939 erunt
808 875 1040 939 concurrentiae
1071 874 1168 958 leges
1197 872 1237 938 Ad
1258 867 1325 934 laub

345 965 400 1051 (et
423 984 480 1049 per
503 962 629 1048 Horas)
653 962 684 1026 in
708 961 815 1027 Officio
840 962 984 1041 Quatuor
1006 962 1198 1050 'lemporom
1217 952 1326 1025 uruat
1344 981 1372 1024 ιι

341 1053 439 1118 riales
462 1052 685 1137 persolvuntur
707 1051 794 1115 [lexis
818 1051 951 1134 genibus
975 1050 1097 1137 (modo
1122 1050 1259 1135 explicato
1273 1048 1288 1111 l.
1303 1079 1309 1097 ι
1344 1048 1369 1112 ιι

275 1216 279 1224 ,
342 1162 373 1208 ιι.
399 1141 444 1226 5)
468 1160 504 1204 ac
528 1142 622 1204 etiam
646 1139 685 1204 ad
708 1139 886 1225 Vespero,
909 1141 935 1204 si
960 1138 1079 1204 luerint
1103 1140 1141 1204 de
1164 1139 1244 1203 Feria
1265 1155 1319 1219 qu¹
1344 1159 1372 1201 ιιι.

343 1230 513 1304 volscum,
537 1228 662 1292 tametsi
686 1235 761 1294 tunc
784 1228 892 1293 Oratio
916 1228 1089 1294 liominicae
1121 1224 1313 1293 antecedentis
1353 1226 1372 1290 u

341 1317 514 1383 recitanda.
539 1317 633 1380 ιιιιιι.
658 1316 702 1381 tit.
728 1317 777 1381 54-
799 1318 875 1383 uls
905 1327 933 1382 et
965 1317 994 1381 5.
1018 1317 1235 1403 Adjunguutur
1258 1330 1320 1410 quoq·
1356 1317 1370 1378 i.

343 1406 499 1489 Suffragia
523 1405 735 1482 Sanctorum,
766 1406 880 1491 quihus
903 1406 1109 1491 praemittitur
1141 1421 1286 1470 commemo
1301 1438 1309 1450 -ι
1353 1403 1372 1468 la

344 1494 464 1559 Crucis.
489 1493 524 1557 ln
547 1493 646 1558 Feriis
664 1494 805 1573 Quatuor
820 1494 1012 1580 Temporum
1036 1495 1132 1559 llissa
1148 1494 1262 1580 propria
1277 1508 1327 1561 ιιι,
1370 1518 1372 1537 ι

347 1582 458 1668 Confer
488 1592 589 1646 tumen
623 1583 704 1667 quod
737 1583 949 1647 odoretuvimus
979 1584 1011 1647 iu
1044 1582 1198 1668 Quadruq.
1221 1604 1245 1644 ι.
1264 1578 1297 1641 ιι.
1319 1613 1320 1616 ¹
1346 1584 1372 1646 ἰ

346 1669 526 1735 Solemnem
543 1671 676 1735 llinistri
700 1680 832 1737 utuntur
848 1671 986 1736 Planetis
1002 1672 1129 1758 plicatis
1153 1682 1210 1735 etc.
1231 1666 1284 1733 tou
1349 1711 1350 1714 ι

347 1758 487 1847 ceponio
505 1759 523 1822 ι.
542 1759 591 1822 cit.
608 1781 637 1823 u.
655 1760 676 1824 d
691 1761 746 1825 sub
761 1762 864 1847 fierem.
881 1798 925 1808 -
940 1760 997 1825 Hic
1011 1760 1131 1846 Juverit
1147 1756 1280 1824 animadv
1347 1781 1372 1829 ιε

347 1846 494 1911 Sabbutis
518 1845 660 1924 Quatuor
683 1848 895 1933 domnorum,
927 1849 1036 1913 aliisve
1068 1850 1109 1913 ad
1136 1842 1298 1913 sacrosdr
1350 1874 1355 1895 ι

349 1933 556 2000 conterendos
580 1957 597 2000 a
618 1936 689 2020 jure
712 1938 899 2023 prostitutis
923 1935 970 2024 ι’),
993 1938 1122 2003 Missam
1149 1936 1242 2002 Feriaa
1259 1932 1286 1997 ab
1303 1933 1309 1964 ‘¹
1352 1960 1372 2001 ι

345 2043 442 2109 scopo
466 2023 632 2089 ordinante
662 2025 885 2091 celebrandam
908 2045 999 2103 esse,
1023 2046 1088 2091 non
1111 2046 1185 2091 uero
1208 2021 1294 2089 desti
1320 2104 1321 2107 Ἴ
1355 2049 1372 2089 n

345 2111 427 2178 forte
458 2121 627 2187 occurrat,
657 2114 747 2199 eujus
770 2134 809 2179 ne
832 2114 953 2198 agenda
985 2116 1115 2199 quidem
1145 2112 1320 2180 onmreou'
1357 2124 1372 2179 u

347 2210 404 2266 est.
429 2200 571 2266 Orationi
595 2201 662 2287 ejus
685 2203 787 2267 ltlissae
818 2203 946 2268 additur
968 2202 1110 2268 Collecta
1134 2223 1190 2289 pro
1213 2199 1305 2267 ιιΟιιι
1350 2199 1359 2256 Ἀ

347 2292 406 2356 sub
428 2291 520 2355 unica
545 2292 757 2364 conclusione,
775 2291 888 2356 dehinc
911 2290 1050 2357 secunda
1074 2302 1108 2356 et
1130 2292 1222 2357 tertia
1236 2283 1309 2354 uun
1352 2316 1354 2328 ι

347 2388 510 2465 tempore:
543 2379 569 2443 si
600 2399 660 2463 qua
683 2378 797 2464 Vigilia
819 2380 988 2456 inciderit,
1020 2379 1059 2446 de
1089 2381 1151 2447 ista
1181 2381 1237 2445 erit
1257 2393 1305 2442 ιιι
1354 2402 1372 2433 ιι

347 2468 467 2544 Oratio,
484 2470 576 2533 tertia
594 2488 663 2552 quaa
687 2470 766 2533 alias
789 2469 927 2534 secundo
946 2471 1015 2534 loco
1040 2469 1175 2536 dicenda
1197 2461 1310 2533 toreca
1354 2490 1372 2532 ιι

347 2567 436 2623 extra
459 2557 616 2641 Tempora
639 2557 733 2621 dlissa
757 2559 953 2624 occurrentis
978 2557 1063 2622 Festi
1093 2558 1224 2643 legenda
1243 2561 1279 2620 est
1302 2577 1314 2601 ιι
1358 2602 1359 2606 ,

348 2646 486 2710 Collecta
510 2666 568 2731 pro
592 2643 782 2710 Ordinandis
806 2647 864 2712 sub
890 2648 981 2712 unica
1005 2649 1208 2713 conclusione
1230 2653 1256 2709 ut
1272 2648 1327 2720 sepo
1364 2650 1372 2709 i

347 2744 415 2799 tum
440 2735 568 2818 reliquae
592 2733 757 2799 Orationes
781 2735 973 2810 recitandae,
1005 2737 1032 2800 si
1056 2757 1127 2821 quae
1151 2737 1247 2801 locum
1264 2729 1325 2793 he·¹r¹

346 2823 378 2886 S.
410 2822 445 2885 ιι.
473 2821 504 2886 0.
528 2822 569 2886 ιι
600 2821 671 2886 ιιι.
704 2822 787 2888 tutu
815 2826 847 2888 io
879 2823 1043 2898 Curictico„
1072 2825 1115 2890 ιι
1146 2826 1225 2912 Sept.
1252 2813 1307 2883 llll
1353 2836 1372 2887 ιι

350 2909 593 2996 Conopostellouc
616 2910 657 2973 ud
681 2911 698 2974 7
724 2922 752 2976 et
774 2912 812 2977 m
832 2912 925 2978 Mart.
951 2911 1035 2977 tulit
1058 2912 1090 2976 in
1108 2913 1270 2999 Berqomen.
1286 2897 1312 2965 tl
1331 2912 1336 2936 ‘
1355 2942 1362 2962 ·-

348 2992 438 3074 Quod
472 2997 511 3060 ad
540 3017 652 3083 preces
675 2999 809 3078 attinet,
845 3020 978 3086 quarum
1003 3001 1150 3066 recitatio
1185 3001 1221 3065 alr
1242 2993 1323 3081 uus

346 3085 521 3170 injungitur
555 3087 710 3170 promotis
741 3089 780 3153 ad
810 3088 1017 3154 Diaconamm
1052 3099 1083 3154 et
1115 3088 1329 3156 Subdiaconntm
1358 3111 1372 3151 u

347 3175 486 3248 aduerte,
509 3194 566 3259 per
589 3175 683 3239 verba
707 3176 899 3243 Pontificalis
923 3177 1057 3242 llomani
1074 3178 1125 3243 Ad
1147 3177 1329 3244 Subdiccett
1357 3196 1372 3239 ιι

346 3273 376 3327 et
391 3261 596 3326 Dicccnctum
620 3261 789 3351 (promoti)
805 3265 997 3331 Nocturnum
1022 3266 1091 3331 telis
1115 3267 1177 3331 diei
1199 3256 1300 3356 (dicite)3
1314 3276 1330 3307 ι’
1358 3282 1372 3328 ι

346 3351 483 3434 intelligi
513 3371 589 3416 sane
617 3360 719 3416 totum
742 3353 885 3419 Officium
908 3354 1109 3420 Nocturnum
1134 3375 1204 3421 cum
1225 3342 1332 3418 uanum
1365 3366 1372 3409 ι

348 3440 404 3505 scd
427 3440 555 3504 unicum
578 3438 741 3506 dumtaxat
756 3441 953 3508 Nocturnum
976 3441 1091 3509 ieriale
1115 3446 1165 3509 vel
1187 3423 1342 3530 primuml*
1368 3464 1369 3468 ¹

406 3674 443 3752 ι’)
466 3677 588 3739 Ordines
619 3677 691 3738 sacri
714 3679 761 3740 dic
781 3681 898 3742 Satchoti
926 3682 1137 3760 conteruntur,
1166 3685 1229 3764 quia
1247 3645 1372 3762 saiwi

347 3755 481 3830 requiem
496 3757 646 3834 significat,
660 3774 778 3820 vacuam
801 3760 918 3840 quidem
940 3780 956 3821 n
977 3762 1098 3838 riegotiis
1121 3759 1279 3835 saeculi‚sed
1293 3750 1347 3835 dt!

348 3831 437 3892 cultui
452 3838 582 3914 opprime
604 3837 752 3898 devotam:
768 3858 832 3918 quae
853 3841 969 3920 requies
984 3843 1104 3903 Clericis
1128 3844 1156 3904 in
1177 3832 1348 3919 surtumlltdu

351 3913 460 3971 nocetis
482 3919 604 3977 maxime
626 3919 765 3995 congruit.
780 3920 898 3979 collatio
920 3921 1061 3982 Ordinum
1083 3932 1206 4002 quatuor
1219 3904 1350 3994 renunt*

350 3988 463 4054 adnexa
483 4003 533 4062 est,
558 4004 589 4055 ut
608 3996 744 4058 nimirum
765 4016 818 4076 per
839 3999 977 4060 solemnia
997 3999 1059 4062 inec
1077 4001 1208 4082 jejunia,
1226 3990 1350 4081 qutun?

353 4070 554 4160 consociantur
582 4075 722 4136 Fidelium
746 4083 855 4156 preces,
877 4079 1041 4140 ulteriorem
1064 4082 1201 4144 Ecclesiae
1225 4050 1350 4142 illuitlttd

355 4165 454 4211 munia
474 4167 525 4210 sua
545 4154 725 4233 suscipienda
745 4157 899 4237 impetrent
918 4157 1048 4237 gratiam.
1064 4161 1115 4225 Ita
1134 4161 1226 4242 feroce
1240 4157 1342 4222 TW
