3484 4875
357 486 423 554 lto
592 503 813 550 annoranorcs
829 504 859 551 m
876 502 964 549 rnsrn
980 501 1154 549 rovanrms

377 611 508 678 Observ.
533 610 573 676 ad
598 612 639 677 lO
661 610 860 696 exploratum
884 618 954 686 est,
986 610 1265 697 prescriptionem
1284 606 1360 674 tubro-

379 700 474 785 gandi
497 700 529 765 iu
552 699 726 775 LaudibuS,
750 720 808 785 pro
832 700 1141 764 commemoratione
1165 698 1215 765 Ss.
1237 698 1329 762 Vitalie
1344 704 1362 762 et

379 788 547 874 Agricolae,
570 790 597 871 l.
618 788 762 853 Ectrtteot
785 789 815 852 in
839 788 945 852 locum
968 787 1124 853 versiculi
1148 786 1306 853 Lcctemini
1320 805 1364 851 esc

379 878 626 964 particularem:
650 896 686 941 ae
711 876 842 961 proinde
866 878 899 941 in
922 876 1081 942 similibus
1107 877 1233 941 servari
1255 882 1365 961 oportere

379 966 534 1031 llubrieas
556 984 739 1031 communes
763 967 809 1029 tit.
829 964 871 1029 lx
894 985 925 1030 n.
950 964 980 1039 8,
997 966 1059 1029 nisi
1084 964 1183 1029 aliter
1208 963 1313 1049 agendi
1329 982 1365 1049 par

380 1053 464 1120 adsit
479 1054 647 1140 peculiaris
664 1055 836 1118 concessio.
854 1052 888 1118 Si
906 1053 1022 1118 alicubi
1041 1051 1239 1119 celebranda
1255 1053 1293 1117 sit
1304 1051 1366 1116 llbn

379 1142 493 1207 horum
517 1141 566 1207 Ss.
590 1142 701 1207 Vitalis
724 1150 756 1205 et
777 1142 944 1226 Agricola,
968 1142 1038 1227 ipsa
1061 1142 1126 1206 erit
1149 1138 1365 1228 Sapientianlt

380 1231 546 1296 Communi
568 1232 776 1317 plurimorum
799 1230 983 1318 Martyrum,
1000 1250 1074 1294 eum
1092 1228 1297 1295 Orationibus
1316 1228 1366 1294 utit

273 1372 276 1382 .
381 1319 499 1384 blissali
523 1320 581 1385 bac
606 1319 666 1394 die,
693 1339 750 1383 nec
775 1339 835 1384 non
861 1339 934 1383 curn
957 1318 1101 1403 Epistola
1125 1314 1366 1389 Rememoramini,

382 1417 415 1471 et
438 1407 605 1492 Evangelio
628 1408 663 1472 Si
684 1407 751 1493 puis
773 1407 846 1473 vcttt.
869 1408 918 1473 Ita
934 1406 1056 1472 Missele
1073 1406 1252 1472 Romanum
1269 1405 1368 1495 tppiem

383 1495 492 1560 Romoe
515 1497 585 1561 edit.
610 1518 689 1560 enno
715 1495 809 1561 1881.

341 1586 370 1650 8.
395 1621 438 1632 -
460 1584 520 1649 ttbi
548 1585 677 1650 Festum
707 1582 756 1650 Ss.
789 1583 931 1663 Quatnor
965 1582 1201 1648 Coronaeorum
1233 1579 1368 1669 llartprun

384 1673 446 1739 alia
470 1674 520 1738 die
543 1675 658 1738 celitur
682 1674 744 1738 ritu
770 1673 887 1759 duplici
912 1672 960 1737 vel
975 1671 1190 1757 semiduplici,
1208 1669 1367 1735 hodieonit·

385 1762 465 1825 titur
488 1782 596 1826 eorum
621 1762 902 1827 commemoratio:
929 1760 1011 1847 quud
1036 1779 1166 1846 semper
1190 1758 1367 1845 praestandum

386 1856 435 1912 est
464 1850 495 1914 in
526 1850 692 1916 similibus.
733 1850 843 1936 ltaque
883 1851 927 1915 ibi
958 1856 1069 1915 octava
1106 1848 1222 1913 Lectio
1248 1846 1371 1913 currenti·

387 1935 487 2003 Officii
511 1938 686 2004 absolvitur
708 1938 747 2004 ad
771 1940 875 2005 verba
888 1938 1021 2025 Propter
1037 1937 1210 2022 justitiam,
1227 1956 1302 2002 noua
1320 1952 1363 1998 ren
1398 2018 1402 2022 .

372 2026 498 2111 ,incipit
516 2026 574 2092 tbi
587 2038 701 2092 etitem.
725 2028 856 2093 lllorum
881 2027 974 2092 blissa
998 2034 1048 2090 est
1061 2024 1161 2091 latret
1186 2024 1225 2090 de
1241 2020 1361 2090 Communi
1400 2035 1402 2049 ¹

388 2115 599 2199 plurimorum
630 2117 826 2205 Martyrum,
858 2136 931 2202 curn
954 2113 1160 2180 Orationibus
1193 2112 1316 2201 propriis
1337 2107 1362 2175 uti

387 2203 480 2269 hodie
504 2205 535 2270 in
558 2205 687 2278 blissali;
711 2206 765 2270 sed
790 2204 931 2290 Epistola
947 2204 1052 2268 Sancti
1072 2224 1132 2290 per
1154 2202 1249 2290 fidem
1268 2200 1361 2267 sunitn
1393 2208 1402 2216 '

390 2292 516 2358 edesto
540 2293 588 2359 Ss.
606 2294 735 2359 Fabiani
759 2301 790 2359 et
812 2293 991 2359 Sebastiani
1013 2292 1054 2357 20
1077 2290 1234 2369 ianuarii,
1255 2299 1283 2355 et
1300 2287 1360 2353 dret-
1392 2309 1393 2316 ¹

389 2381 506 2466 gelium
528 2382 636 2448 Videas
663 2382 749 2448 deses
777 2383 881 2448 turbes
911 2380 1044 2448 ascendit
1074 2400 1112 2446 ex
1142 2380 1239 2448 llissa
1264 2376 1360 2445 omnim
1393 2454 1396 2458 ⁸

390 2472 578 2537 Sanctorum
604 2473 619 2537 l
646 2472 841 2538 Novembris.
1050 2487 1054 2493 '
1391 2464 1400 2483 '¹

345 2557 508 2626 Dominiea
524 2561 662 2626 secunda
676 2559 862 2626 Novembris
882 2559 972 2646 juxta
995 2557 1085 2625 civile
1110 2566 1297 2644 computum,
1309 2547 1361 2640 apud
1391 2558 1402 2584 ‘¹

390 2660 449 2713 nos
470 2657 501 2714 et
518 2649 603 2725 alibi,
624 2650 752 2715 Festum
775 2649 947 2714 Patrocinii
969 2647 1003 2712 B.
1026 2646 1362 2730 utenburron
1393 2713 1402 2739 k·

389 2739 422 2801 in
453 2737 642 2804 Kalendario
674 2738 871 2823 designatum
905 2745 963 2801 est.
988 2734 1066 2799 Cum
1096 2734 1263 2801 Dominiea
1288 2730 1361 2797 tete
1394 2742 1402 2812 &j

390 2826 561 2910 impeditur
578 2827 628 2890 die
645 2825 761 2892 Octava
777 2828 826 2894 vel
843 2826 936 2892 llesto
954 2825 1084 2905 aeqtralis
1102 2833 1159 2889 aut
1175 2825 1291 2890 altioris
1303 2822 1362 2887 ritu't

391 2913 475 2997 apud
492 2935 549 2979 nos
573 2923 605 2978 et
628 2915 680 2979 ubi
696 2915 865 3000 peculiaris
890 2914 980 2979 adest
1003 2912 1150 2989 facultas,
1168 2914 1318 3001 reponitur
1335 2904 1364 2970 dle
1397 2914 1402 2999 j

390 3002 533 3086 proxima
564 3023 625 3068 non
655 3003 828 3088 impedita;
858 3003 933 3068 alibi
964 3010 1012 3067 est
1041 3002 1263 3068 omittendum.
1292 2994 1366 3081 trite
1399 3012 1402 3078 ζ

391 3112 417 3154 e.
441 3090 462 3153 1
484 3112 514 3154 n.
540 3091 591 3155 1-1.
615 3091 660 3156 de
683 3094 709 3156 si
734 3091 945 3157 transferatur
968 3091 1007 3155 ad
1031 3089 1234 3167 Adventum,
1265 3087 1327 3154 nibil
1348 3083 1367 3145 it

391 3178 447 3242 illo
472 3179 667 3256 immutatur,
690 3189 807 3266 praeter
831 3181 973 3246 ultimam
999 3178 1216 3264 Antiphonem
1240 3177 1313 3244 tertii
1329 3170 1367 3237 le

390 3268 494 3332 eturni
518 3289 588 3353 qum
611 3271 672 3334 erit
693 3269 825 3356 Aepclos
847 3268 993 3344 Domini,
1021 3275 1053 3332 et
1076 3275 1259 3354 postremus
1279 3265 1302 3348 l.
1319 3261 1369 3326 lin·

390 3355 492 3421 dualis
516 3358 547 3421 in
571 3357 664 3422 Missa
688 3359 741 3444 qui
764 3359 825 3423 erit
847 3358 910 3422 Aee
933 3355 1035 3420 Mario
1059 3376 1097 3420 ex
1120 3356 1234 3422 Votiva
1263 3364 1370 3437 temport

389 3444 561 3511 Adventus.
584 3447 615 3511 S.
640 3446 675 3512 R.
696 3448 727 3512 C.
744 3446 786 3510 25
809 3446 888 3532 einp.
908 3445 992 3510 1818
1016 3445 1047 3507 in
1070 3444 1230 3532 Hispulen.
1248 3443 1287 3509 od
1305 3437 1372 3506 tlu

391 3553 487 3618 porro
511 3536 616 3619 agitur
639 3535 670 3600 iu
694 3535 860 3600 similibus.
1369 3610 1373 3623 Ι

349 3617 379 3684 9.
403 3622 503 3687 -Si
533 3622 648 3689 alicubi
672 3624 825 3688 celebrari
848 3621 1017 3706 eontigerit
1039 3621 1169 3688 Missam
1193 3620 1226 3686 S.
1250 3613 1373 3685 theoton

391 3709 551 3799 llartyris,
575 3732 611 3778 ea
635 3713 770 3777 sumitur
793 3732 809 3776 e
833 3709 998 3776 Communi
1022 3710 1164 3775 secundo
1188 3711 1270 3786 loeo,
1291 3718 1374 3788 nempe

392 3795 572 3875 Laetabitur,
588 3820 659 3866 eum
676 3799 879 3866 Orationibus
903 3819 972 3885 quae
996 3800 1027 3862 in
1053 3798 1172 3864 blissall
1189 3805 1302 3886 presto
1315 3795 1374 3860 suut
1400 3798 1402 3805 '

351 3881 401 3949 18.
425 3922 470 3933 -
492 3887 515 3952 l.
539 3888 681 3954 Officium
712 3888 744 3955 S.
773 3889 907 3954 Andreae
936 3887 1071 3954 Arelliui
1101 3889 1260 3955 elevatum
1288 3873 1376 3952 estad

394 3973 490 4038 ritum
515 3975 672 4062 duplicem
696 3979 848 4043 minorem
882 3997 939 4062 pro
968 3976 1115 4041 universa
1139 3976 1289 4045 Ecclesia.
1309 3972 1334 4039 S.
1352 3963 1375 4032 d·

351 4057 355 4065 “
396 4061 491 4128 081
518 4063 588 4130 don.
613 4066 699 4133 1861
722 4067 811 4134 Beer.
838 4064 926 4132 Urbis
949 4074 978 4130 et
1004 4064 1100 4131 Orbis.
1132 4096 1137 4101 ·
