3484 4875
678 485 883 540 ruoaxnuuuu
899 494 1086 542 ιιοιιιιιιιιιιιΙ
1326 477 1391 546 ltu

382 594 591 665 Pentecostes
615 606 648 665 et
670 598 753 669 inira
777 599 846 685 ejus
862 597 1026 679 Octavam,
1043 610 1151 669 annot.
1168 602 1200 668 in
1224 602 1316 668 Dom.
1333 603 1414 672 Pen-

380 692 522 751 tecostcs
546 707 577 751 n.
603 688 644 753 ld
668 696 701 753 et
724 708 813 773 seqq.
1316 697 1327 712 “

333 770 452 838 -Petrus
477 782 509 839 et
532 774 650 841 Paulus
667 775 743 862 (Ssi
759 776 916 862 Apostoli.
934 775 969 842 ln
986 778 1098 863 quovis
1115 777 1210 843 Festo
1227 777 1259 843 S.
1276 777 1364 843 Petri
1381 787 1414 846 et

378 880 440 947 per
456 861 525 947 ejus
542 861 696 929 Octavam
720 864 755 929 lit
778 883 907 949 semper
928 868 1191 931 commemoratio
1207 866 1240 932 S.
1257 865 1358 942 Pauli,
1376 887 1413 933 ac

375 949 533 1026 vicissim,
557 952 742 1037 etquidem
766 960 840 1017 ante
864 972 1083 1038 quascumque
1108 955 1198 1029 alias,
1223 975 1250 1019 c.
1276 954 1295 1019 6
1321 974 1351 1019 ιι.
1370 955 1408 1021 ll

378 1044 413 1100 ct
439 1037 491 1102 lo.
515 1039 564 1103 Αιι
587 1041 776 1124 primarium
800 1060 911 1105 eorum
936 1040 1066 1105 Festum
1090 1040 1283 1127 praeferatur
1310 1043 1412 1107 omni-

376 1122 441 1189 bus
465 1126 548 1202 aliis,
567 1126 674 1192 adnot.
699 1128 740 1193 29
766 1126 838 1193 lun.
857 1147 888 1192 n.
906 1127 929 1192 l.
949 1128 1005 1194 Ubi
1029 1138 1060 1194 et
1084 1129 1244 1213 quomodo
1269 1129 1304 1194 fit
1328 1149 1413 1195 com-

376 1214 571 1279 memoratio
590 1216 732 1280 omnium
750 1215 990 1300 Apostolorum,
1007 1216 1083 1282 ibid.
1099 1237 1128 1281 n.
1143 1217 1180 1282 ll.
1196 1218 1229 1281 Si
1247 1217 1279 1282 S.
1297 1217 1412 1283 Petrus

376 1301 423 1364 sit
447 1300 604 1367 Patronus
627 1304 680 1368 rel
701 1302 865 1379 Titularis‚
890 1303 966 1368 ibid.
991 1324 1022 1369 ιι.
1047 1304 1069 1368 Ι.
1088 1305 1145 1370 Ubi
1170 1304 1202 1369 S.
1219 1305 1339 1370 Paulus
1364 1313 1413 1371 est

375 1387 539 1455 Patronus
562 1390 613 1456 vel
635 1390 799 1467 Titularis‚
823 1390 900 1455 ibid.
919 1413 949 1457 ιι.
967 1391 1008 1455 lV
1032 1399 1063 1456 et
1088 1392 1129 1457 50
1145 1392 1218 1458 lun.
1237 1413 1267 1458 ιι.
1285 1391 1308 1457 l.
1328 1391 1411 1471 Quid

376 1476 540 1558 agendum
563 1480 590 1543 si
607 1477 778 1543 Conversio
800 1479 832 1544 S.
850 1480 940 1544 Pauli
965 1480 1089 1544 colatur
1113 1500 1170 1545 ceu
1188 1480 1345 1545 Patronus
1362 1482 1413 1546 vel

375 1562 543 1641 Titularis‚
560 1565 668 1631 adnot.
682 1567 724 1632 50
738 1566 810 1632 lun.
824 1589 854 1633 ιι.
873 1567 896 1632 l.
915 1565 1087 1652 Cujusnam
1103 1568 1185 1633 ritus
1202 1576 1251 1632 est
1268 1567 1412 1633 Comme·

376 1653 517 1717 moratio
542 1652 574 1718 S.
600 1654 700 1730 Pauli,
718 1665 750 1720 et
773 1656 849 1739 quid
873 1656 900 1720 si
924 1655 992 1719 haec
1016 1656 1059 1719 sit
1082 1655 1314 1732 transferenda,
1335 1656 1412 1722 ibid.

375 1760 409 1804 ιι.
434 1739 474 1804 ll.
493 1739 659 1818 Quomodo
684 1750 734 1808 cst
757 1742 972 1808 ordinandum
989 1742 1134 1810 Officium
1158 1743 1241 1809 inira
1258 1743 1412 1811 Octavam

339 1884 345 1892 .
375 1826 428 1891 Ss.
453 1830 693 1913 Apostolorum,
716 1830 824 1895 adnot.
848 1832 890 1897 ld
915 1831 987 1897 lun.
1014 1853 1043 1897 ιι.
1069 1831 1122 1897 lll.
1147 1834 1206 1909 Αιι,
1230 1834 1258 1897 si
1282 1833 1350 1899 dics
1373 1832 1411 1898 0-

378 1923 471 1979 ctava
495 1918 701 2002 impediatur,
734 1919 869 2002 legenda
893 1920 935 1984 sit
960 1939 1042 1984 nona
1071 1920 1180 1986 Lectio
1212 1920 1251 1985 dc
1279 1921 1412 1987 homilia

376 2003 534 2089 ejusdem,
559 2005 667 2071 adnot.
694 2006 713 2071 6
737 2007 824 2071 Julii.
1409 2040 1411 2044 ·

332 2090 449 2157 Petrus
472 2090 531 2179 (S.)
554 2094 594 2159 M.
619 2095 646 2159 si
670 2093 885 2162 transferatur
908 2102 981 2178 post
1005 2094 1238 2169 Pentecosten,
1262 2115 1411 2180 quaenam

375 2179 517 2245 Homilia
540 2189 571 2246 et
594 2182 689 2248 Missa
715 2183 756 2248 sit
780 2180 955 2257 recitanda,
981 2181 1088 2246 adnot.
1114 2183 1156 2248 ab
1181 2183 1257 2266 Apr.

331 2267 502 2354 Philippus
534 2276 566 2334 et
596 2270 736 2336 lacobus
768 2268 843 2357 (Ss.)
871 2271 984 2353 Apost.
1009 2269 1036 2334 si
1070 2268 1307 2335 transferantur
1338 2278 1411 2355 post

373 2356 518 2443 Tempus
533 2358 699 2434 Pasohale‚
724 2357 831 2423 adnot.
850 2358 865 2422 l
887 2357 959 2443 blaj.
977 2378 1007 2422 ιι.
1025 2357 1080 2422 lll.
1097 2357 1180 2437 Quid
1204 2358 1231 2421 si
1255 2359 1412 2424 alteruter

372 2446 419 2511 sit
443 2446 603 2533 Patronus
626 2448 677 2512 vel
699 2447 876 2521 Titularis‚
907 2446 983 2511 ibid.
1009 2467 1039 2512 ιι.
1064 2447 1114 2512 lV.
1139 2446 1198 2512 Ubi
1222 2465 1333 2511 eorum
1358 2467 1409 2512 ce·

372 2535 524 2600 lebratur
547 2535 677 2612 Octava,
702 2555 849 2620 quaenam
873 2535 1040 2600 Lectiones
1064 2535 1096 2599 in
1120 2535 1224 2620 primo
1246 2534 1410 2599 Nocturno

373 2622 441 2688 diei
464 2621 592 2688 Octavae
615 2623 790 2689 recitandae
815 2631 900 2698 sunt,
918 2622 1045 2708 quando
1070 2622 1139 2688 haee
1164 2621 1275 2688 incidit
1299 2625 1331 2687 iu
1355 2621 1411 2687 Pe·

372 2711 460 2776 riam
484 2711 657 2776 secundam
682 2719 756 2796 post
778 2711 979 2776 Dominicam
1002 2709 1086 2776 inira
1109 2709 1262 2777 Octavam
1290 2709 1410 2775 Ascen-

373 2798 489 2874 sionis,
514 2799 622 2864 adnot.
648 2800 667 2864 8
693 2800 764 2885 llaj.
789 2820 819 2864 ιι.
845 2799 884 2863 ll.

328 2888 475 2952 Planetae
499 2888 626 2972 plicatae
649 2888 704 2953 ubi
728 2898 760 2952 ct
784 2886 911 2972 quando
937 2894 1012 2952 sunt
1036 2885 1247 2962 adhibendae,
1270 2885 1291 2951 2
1318 2885 1410 2952 llebr.

373 2977 406 3039 in
433 2973 649 3051 Kalendario,
681 2983 713 3040 et
744 2983 853 3041 annot.
878 2976 911 3039 in
936 2973 1222 3062 Quadragesimam
1247 2996 1277 3042 ιι.
1302 2974 1346 3050 ll,
1378 2976 1411 3041 in

373 3065 408 3127 in
433 3061 534 3128 Hebd.
560 3063 633 3148 maj.
658 3083 689 3128 ιι.
715 3065 733 3127 5
759 3072 791 3129 et
814 3066 846 3129 iu
870 3063 949 3129 Adv.
975 3085 1005 3129 ιι.
1032 3066 1062 3130 5.

328 3149 509 3216 Pontianus
534 3149 591 3237 (S.)
609 3152 664 3238 Pp.
682 3159 713 3217 ct
730 3153 769 3217 ll.
795 3151 962 3232 Quomodo
987 3152 1055 3237 ejus
1079 3150 1225 3218 Officium
1249 3158 1281 3216 ct
1303 3151 1411 3227 Missa,

374 3238 432 3304 ubi
456 3239 649 3315 celebratur,
666 3249 715 3304 est
739 3240 928 3315 ordinanda,
952 3239 1060 3304 adnot.
1086 3239 1127 3303 ld
1150 3238 1229 3303 Nov.
1251 3259 1282 3302 n.
1300 3236 1339 3302 ll.

328 3325 493 3394 Praefatio.
513 3325 666 3405 Quaenam
683 3328 817 3398 dicenda
834 3334 884 3392 cst
900 3328 932 3391 in
945 3327 1042 3392 Missa
1054 3325 1177 3407 Vigiliae
1194 3331 1226 3389 et
1243 3323 1419 3403 Feriarum¹

373 3413 538 3499 majorum
560 3414 644 3480 inira
668 3416 804 3480 Octavus
827 3414 1048 3489 incidentium,
1066 3412 1173 3478 adnot.
1198 3411 1240 3477 25
1265 3410 1359 3478 Febr.
1376 3433 1408 3478 ιι.

374 3501 444 3566 Vll.
463 3500 538 3580 Qum
563 3504 595 3568 in
619 3503 759 3568 secunda
775 3503 871 3567 Missa
888 3500 1096 3568 Conventuali
1120 3499 1160 3564 dc
1183 3498 1276 3565 Peria
1299 3499 1348 3564 vel
1371 3500 1410 3565 de

375 3589 504 3674 vigilia,
530 3611 557 3656 c.
583 3591 602 3656 8
625 3613 657 3656 n.
681 3591 712 3656 lc.
738 3590 818 3655 ltem
834 3608 982 3674 quaenam
1006 3589 1039 3653 iu
1062 3588 1167 3653 blissis
1190 3587 1316 3663 votivis,
1333 3586 1410 3653 ibid.

376 3698 411 3744 n.
436 3678 489 3745 25.
511 3677 594 3758 Quid
617 3679 776 3764 agendum
800 3679 827 3743 si
850 3678 947 3743 llissa
970 3678 1075 3742 votiva
1098 3675 1290 3741 celebranda
1314 3675 1357 3740 sit
1379 3676 1412 3742 in

376 3766 556 3844 Dominica‚
578 3767 655 3833 ibid.
673 3765 750 3845 Quae
773 3765 923 3832 Praelatio
947 3765 1010 3830 dici
1033 3765 1129 3830 debet
1152 3762 1235 3829 inira
1259 3763 1412 3829 Octavam

377 3852 572 3932 Natiuitatis,
596 3857 623 3922 si
646 3855 811 3921 recitanda
834 3855 877 3921 sit
900 3854 996 3920 blissa
1020 3854 1167 3919 obtinens
1188 3851 1413 3918 Praelationcm

377 3944 567 4028 propriam,
603 3944 710 4010 adnot.
745 3944 787 4008 ⁶25
816 3943 891 4009 Dec.
927 3963 958 4008 n.
993 3941 1033 4007 ll.
1061 3938 1210 4006 Praelatio
1245 3938 1413 4005 Trinitatis

361 4031 498 4123 :dicitur
521 4033 553 4098 in
577 4033 725 4099 omnibus
748 4031 924 4100 Dominicis
954 4037 1044 4098 extra
1068 4038 1195 4116 tempus
1228 4027 1411 4117 Quadragc·
