<?xml version="1.0" encoding="UTF-8"?>
<!DOCTYPE html PUBLIC "-//W3C//DTD XHTML 1.0 Transitional//EN"
    "http://www.w3.org/TR/xhtml1/DTD/xhtml1-transitional.dtd">
<html xmlns="http://www.w3.org/1999/xhtml" xml:lang="en" lang="en">
 <head>
  <title>
</title>
<meta http-equiv="Content-Type" content="text/html;charset=utf-8" />
  <meta name='ocr-system' content='tesseract 3.04.00' />
  <meta name='ocr-capabilities' content='ocr_page ocr_carea ocr_par ocr_line ocrx_word'/>
</head>
<body>
  <div class='ocr_page' id='page_1' title='image "./kalendariumperp00carpgoog_0465.png"; bbox 0 0 3484 4875; ppageno 0'>
   <div class='ocr_carea' id='block_1_1' title="bbox 455 484 1165 550">
    <p class='ocr_par' dir='ltr' id='par_1_1' title="bbox 455 484 1165 550">
     <span class='ocr_line' id='line_1_1' title="bbox 455 484 1165 550; baseline -0.001 0"><span class='ocrx_word' id='word_1_1' title='bbox 455 484 521 550; x_wconf 70' lang='lat'><strong>452</strong></span> <span class='ocrx_word' id='word_1_2' title='bbox 769 502 1165 549; x_wconf 79' lang='lat' dir='ltr'><strong>rnnmncaonnormumu</strong></span> 
     </span>
    </p>
   </div>
   <div class='ocr_carea' id='block_1_2' title="bbox 431 605 1515 3981">
    <p class='ocr_par' dir='ltr' id='par_1_2' title="bbox 475 605 1515 765">
     <span class='ocr_line' id='line_1_2' title="bbox 475 605 1497 696; baseline -0.002 -20"><span class='ocrx_word' id='word_1_3' title='bbox 475 610 567 676; x_wconf 89' lang='lat' dir='ltr'><strong>annis</strong></span> <span class='ocrx_word' id='word_1_4' title='bbox 582 606 773 696; x_wconf 85' lang='lat' dir='ltr'><strong>peragenda,</strong></span> <span class='ocrx_word' id='word_1_5' title='bbox 789 606 916 696; x_wconf 89' lang='lat' dir='ltr'><strong>qnando</strong></span> <span class='ocrx_word' id='word_1_6' title='bbox 932 615 965 673; x_wconf 91' lang='lat' dir='ltr'><strong>et</strong></span> <span class='ocrx_word' id='word_1_7' title='bbox 980 608 1095 696; x_wconf 86' lang='lat' dir='ltr'><strong>quibus</strong></span> <span class='ocrx_word' id='word_1_8' title='bbox 1112 608 1226 675; x_wconf 88' lang='lat' dir='ltr'><strong>diebus</strong></span> <span class='ocrx_word' id='word_1_9' title='bbox 1241 610 1349 677; x_wconf 89' lang='lat' dir='ltr'><strong>locum</strong></span> <span class='ocrx_word' id='word_1_10' title='bbox 1362 607 1458 683; x_wconf 84' lang='lat' dir='ltr'><strong>habent</strong></span> <span class='ocrx_word' id='word_1_11' title='bbox 1494 605 1497 638; x_wconf 65' lang='lat'><em>³</em></span> 
     </span>
     <span class='ocr_line' id='line_1_3' title="bbox 479 698 1515 765; baseline 0 0"><span class='ocrx_word' id='word_1_12' title='bbox 479 698 660 765; x_wconf 73' lang='lat' dir='ltr'><strong>clud</strong></span> <span class='ocrx_word' id='word_1_13' title='bbox 1396 715 1399 722; x_wconf 88' lang='grc'>·</span> <span class='ocrx_word' id='word_1_14' title='bbox 1506 702 1515 713; x_wconf 90' lang='grc'><strong>’</strong></span> 
     </span>
    </p>

    <p class='ocr_par' dir='ltr' id='par_1_3' title="bbox 432 784 1515 1827">
     <span class='ocr_line' id='line_1_4' title="bbox 432 784 1515 873; baseline -0.003 -20"><span class='ocrx_word' id='word_1_15' title='bbox 432 788 639 853; x_wconf 76' lang='lat' dir='ltr'><strong>denuntiatio</strong></span> <span class='ocrx_word' id='word_1_16' title='bbox 656 786 690 851; x_wconf 92' lang='lat' dir='ltr'><strong>B.</strong></span> <span class='ocrx_word' id='word_1_17' title='bbox 707 786 746 850; x_wconf 90' lang='lat' dir='ltr'><strong>hl.</strong></span> <span class='ocrx_word' id='word_1_18' title='bbox 759 784 795 851; x_wconf 90' lang='lat' dir='ltr'><strong>V.</strong></span> <span class='ocrx_word' id='word_1_19' title='bbox 812 785 839 851; x_wconf 94' lang='lat' dir='ltr'><strong>si</strong></span> <span class='ocrx_word' id='word_1_20' title='bbox 861 792 1011 852; x_wconf 89' lang='lat' dir='ltr'><strong>occurrat</strong></span> <span class='ocrx_word' id='word_1_21' title='bbox 1032 786 1065 852; x_wconf 94' lang='lat' dir='ltr'><strong>in</strong></span> <span class='ocrx_word' id='word_1_22' title='bbox 1089 785 1353 872; x_wconf 81' lang='lat' dir='ltr'><strong>Quadragesima,</strong></span> <span class='ocrx_word' id='word_1_23' title='bbox 1368 785 1431 873; x_wconf 85' lang='lat' dir='ltr'><strong>quid</strong></span> <span class='ocrx_word' id='word_1_24' title='bbox 1446 804 1463 850; x_wconf 90' lang='lat' dir='ltr'><strong>a·</strong></span> <span class='ocrx_word' id='word_1_25' title='bbox 1497 785 1515 833; x_wconf 69' lang='lat'><strong>&#39;³³</strong></span> 
     </span>
     <span class='ocr_line' id='line_1_5' title="bbox 477 874 1515 960; baseline -0.002 -20"><span class='ocrx_word' id='word_1_26' title='bbox 477 875 615 960; x_wconf 80' lang='lat' dir='ltr'><strong>gendum</strong></span> <span class='ocrx_word' id='word_1_27' title='bbox 632 874 736 960; x_wconf 89' lang='lat' dir='ltr'><strong>quoad</strong></span> <span class='ocrx_word' id='word_1_28' title='bbox 758 894 875 940; x_wconf 88' lang='lat' dir='ltr'><strong>nonam</strong></span> <span class='ocrx_word' id='word_1_29' title='bbox 891 874 1085 952; x_wconf 88' lang='lat' dir='ltr'><strong>Lectionem,</strong></span> <span class='ocrx_word' id='word_1_30' title='bbox 1101 884 1134 940; x_wconf 89' lang='lat' dir='ltr'><strong>et</strong></span> <span class='ocrx_word' id='word_1_31' title='bbox 1149 875 1316 953; x_wconf 81' lang='lat' dir='ltr'>Octavam,</span> <span class='ocrx_word' id='word_1_32' title='bbox 1334 875 1428 942; x_wconf 80' lang='lat' dir='ltr'><strong>adnot.</strong></span> <span class='ocrx_word' id='word_1_33' title='bbox 1439 874 1464 939; x_wconf 81' lang='lat' dir='ltr'><strong>n</strong></span> <span class='ocrx_word' id='word_1_34' title='bbox 1505 881 1515 921; x_wconf 66' lang='grc' dir='ltr'><strong>’ἶ</strong></span> 
     </span>
     <span class='ocr_line' id='line_1_6' title="bbox 475 961 1515 1050; baseline -0.002 -21"><span class='ocrx_word' id='word_1_35' title='bbox 475 964 568 1029; x_wconf 88' lang='lat' dir='ltr'><strong>Mart.</strong></span> <span class='ocrx_word' id='word_1_36' title='bbox 591 984 622 1028; x_wconf 94' lang='grc' dir='ltr'><strong>ιι.</strong></span> <span class='ocrx_word' id='word_1_37' title='bbox 647 964 670 1028; x_wconf 94' lang='lat' dir='ltr'><strong>l.</strong></span> <span class='ocrx_word' id='word_1_38' title='bbox 695 962 728 1027; x_wconf 91' lang='lat' dir='ltr'><strong>Si</strong></span> <span class='ocrx_word' id='word_1_39' title='bbox 753 971 902 1029; x_wconf 90' lang='lat' dir='ltr'><strong>occurrat</strong></span> <span class='ocrx_word' id='word_1_40' title='bbox 924 964 958 1030; x_wconf 93' lang='lat' dir='ltr'><strong>in</strong></span> <span class='ocrx_word' id='word_1_41' title='bbox 979 961 1154 1030; x_wconf 82' lang='lat' dir='ltr'><strong>Dominicis</strong></span> <span class='ocrx_word' id='word_1_42' title='bbox 1177 964 1437 1050; x_wconf 80' lang='lat' dir='ltr'><strong>Quadragosima,</strong></span> <span class='ocrx_word' id='word_1_43' title='bbox 1451 964 1466 1027; x_wconf 90' lang='lat' dir='ltr'><strong>i·</strong></span> <span class='ocrx_word' id='word_1_44' title='bbox 1507 972 1515 1008; x_wconf 81' lang='lat'><strong>¹</strong></span> 
     </span>
     <span class='ocr_line' id='line_1_7' title="bbox 475 1052 1515 1138; baseline 0 -22"><span class='ocrx_word' id='word_1_45' title='bbox 475 1052 541 1117; x_wconf 90' lang='lat' dir='ltr'><strong>hid.</strong></span> <span class='ocrx_word' id='word_1_46' title='bbox 566 1072 596 1117; x_wconf 92' lang='grc' dir='ltr'><strong>ιι.</strong></span> <span class='ocrx_word' id='word_1_47' title='bbox 620 1052 676 1123; x_wconf 84' lang='lat' dir='ltr'><strong>IV:</strong></span> <span class='ocrx_word' id='word_1_48' title='bbox 700 1052 730 1115; x_wconf 92' lang='lat' dir='ltr'><strong>in</strong></span> <span class='ocrx_word' id='word_1_49' title='bbox 756 1052 858 1137; x_wconf 89' lang='lat' dir='ltr'><strong>primo</strong></span> <span class='ocrx_word' id='word_1_50' title='bbox 882 1052 987 1117; x_wconf 89' lang='lat' dir='ltr'><strong>triduo</strong></span> <span class='ocrx_word' id='word_1_51' title='bbox 1011 1053 1141 1138; x_wconf 90' lang='lat' dir='ltr'><strong>majoris</strong></span> <span class='ocrx_word' id='word_1_52' title='bbox 1164 1052 1467 1119; x_wconf 81' lang='lat' dir='ltr'><strong>Hebdomadaevelio</strong></span> <span class='ocrx_word' id='word_1_53' title='bbox 1513 1073 1515 1078; x_wconf 91' lang='lat'>·</span> 
     </span>
     <span class='ocr_line' id='line_1_8' title="bbox 476 1140 1468 1227; baseline 0 -23"><span class='ocrx_word' id='word_1_54' title='bbox 476 1140 682 1205; x_wconf 81' lang='lat' dir='ltr'>Hebdomada</span> <span class='ocrx_word' id='word_1_55' title='bbox 699 1140 855 1217; x_wconf 90' lang='lat' dir='ltr'><strong>Paschali,</strong></span> <span class='ocrx_word' id='word_1_56' title='bbox 871 1140 947 1206; x_wconf 87' lang='lat' dir='ltr'><strong>ibid.</strong></span> <span class='ocrx_word' id='word_1_57' title='bbox 963 1160 995 1207; x_wconf 89' lang='lat' dir='ltr'><strong>n.</strong></span> <span class='ocrx_word' id='word_1_58' title='bbox 1011 1140 1048 1215; x_wconf 89' lang='lat' dir='ltr'><strong>V;</strong></span> <span class='ocrx_word' id='word_1_59' title='bbox 1064 1144 1096 1207; x_wconf 91' lang='lat' dir='ltr'><strong>in</strong></span> <span class='ocrx_word' id='word_1_60' title='bbox 1112 1142 1204 1207; x_wconf 83' lang='lat' dir='ltr'><strong>Feria</strong></span> <span class='ocrx_word' id='word_1_61' title='bbox 1226 1143 1342 1227; x_wconf 89' lang='lat' dir='ltr'><strong>quinta</strong></span> <span class='ocrx_word' id='word_1_62' title='bbox 1356 1144 1387 1208; x_wconf 93' lang='lat' dir='ltr'><strong>in</strong></span> <span class='ocrx_word' id='word_1_63' title='bbox 1402 1141 1468 1206; x_wconf 79' lang='lat' dir='ltr'><strong>dura</strong></span> 
     </span>
     <span class='ocr_line' id='line_1_9' title="bbox 475 1228 1470 1305; baseline 0 -12"><span class='ocrx_word' id='word_1_64' title='bbox 475 1228 611 1305; x_wconf 86' lang='lat' dir='ltr'><strong>Domini,</strong></span> <span class='ocrx_word' id='word_1_65' title='bbox 634 1229 710 1293; x_wconf 84' lang='lat' dir='ltr'><strong>ibid.</strong></span> <span class='ocrx_word' id='word_1_66' title='bbox 734 1249 764 1294; x_wconf 93' lang='lat' dir='ltr'><strong>n.</strong></span> <span class='ocrx_word' id='word_1_67' title='bbox 782 1228 832 1304; x_wconf 91' lang='lat' dir='ltr'><strong>Vl;</strong></span> <span class='ocrx_word' id='word_1_68' title='bbox 856 1230 888 1294; x_wconf 94' lang='lat' dir='ltr'><strong>in</strong></span> <span class='ocrx_word' id='word_1_69' title='bbox 912 1229 1003 1294; x_wconf 78' lang='lat' dir='ltr'><strong>haria</strong></span> <span class='ocrx_word' id='word_1_70' title='bbox 1026 1238 1114 1295; x_wconf 85' lang='lat' dir='ltr'><strong>sexto</strong></span> <span class='ocrx_word' id='word_1_71' title='bbox 1138 1232 1170 1295; x_wconf 89' lang='lat' dir='ltr'><strong>in</strong></span> <span class='ocrx_word' id='word_1_72' title='bbox 1194 1232 1374 1297; x_wconf 86' lang='lat' dir='ltr'><strong>Parasccve</strong></span> <span class='ocrx_word' id='word_1_73' title='bbox 1394 1230 1470 1295; x_wconf 86' lang='lat' dir='ltr'><strong>velia</strong></span> 
     </span>
     <span class='ocr_line' id='line_1_10' title="bbox 475 1316 1470 1393; baseline 0.001 -12"><span class='ocrx_word' id='word_1_74' title='bbox 475 1316 616 1382; x_wconf 86' lang='lat' dir='ltr'><strong>Sabbata</strong></span> <span class='ocrx_word' id='word_1_75' title='bbox 639 1325 761 1393; x_wconf 93' lang='lat' dir='ltr'><strong>sancto,</strong></span> <span class='ocrx_word' id='word_1_76' title='bbox 784 1317 860 1383; x_wconf 84' lang='lat' dir='ltr'><strong>ibid.</strong></span> <span class='ocrx_word' id='word_1_77' title='bbox 884 1338 914 1383; x_wconf 93' lang='lat' dir='ltr'><strong>u.</strong></span> <span class='ocrx_word' id='word_1_78' title='bbox 939 1317 994 1382; x_wconf 84' lang='lat' dir='ltr'><strong>Vll</strong></span> <span class='ocrx_word' id='word_1_79' title='bbox 1018 1326 1049 1383; x_wconf 91' lang='lat' dir='ltr'><strong>et</strong></span> <span class='ocrx_word' id='word_1_80' title='bbox 1072 1318 1151 1385; x_wconf 92' lang='lat' dir='ltr'><strong>Vlll.</strong></span> <span class='ocrx_word' id='word_1_81' title='bbox 1181 1319 1215 1384; x_wconf 88' lang='lat' dir='ltr'><strong>Si</strong></span> <span class='ocrx_word' id='word_1_82' title='bbox 1238 1319 1365 1385; x_wconf 90' lang='lat' dir='ltr'><strong>incidat</strong></span> <span class='ocrx_word' id='word_1_83' title='bbox 1386 1320 1415 1385; x_wconf 92' lang='lat' dir='ltr'><strong>in</strong></span> <span class='ocrx_word' id='word_1_84' title='bbox 1433 1317 1470 1383; x_wconf 86' lang='lat' dir='ltr'><strong>le·</strong></span> 
     </span>
     <span class='ocr_line' id='line_1_11' title="bbox 476 1406 1471 1495; baseline 0.001 -25"><span class='ocrx_word' id='word_1_85' title='bbox 476 1414 560 1471; x_wconf 91' lang='lat' dir='ltr'><strong>stum</strong></span> <span class='ocrx_word' id='word_1_86' title='bbox 584 1406 668 1492; x_wconf 88' lang='lat' dir='ltr'><strong>quod</strong></span> <span class='ocrx_word' id='word_1_87' title='bbox 692 1406 866 1472; x_wconf 90' lang='lat' dir='ltr'><strong>secundum</strong></span> <span class='ocrx_word' id='word_1_88' title='bbox 890 1407 1098 1472; x_wconf 81' lang='lat' dir='ltr'><strong>occurrentia</strong></span> <span class='ocrx_word' id='word_1_89' title='bbox 1119 1409 1207 1493; x_wconf 79' lang='lat' dir='ltr'><strong>leges</strong></span> <span class='ocrx_word' id='word_1_90' title='bbox 1231 1406 1471 1495; x_wconf 79' lang='lat' dir='ltr'><strong>prmlerridehct</strong></span> 
     </span>
     <span class='ocr_line' id='line_1_12' title="bbox 476 1494 1514 1579; baseline 0.002 -21"><span class='ocrx_word' id='word_1_91' title='bbox 476 1495 508 1559; x_wconf 90' lang='lat' dir='ltr'><strong>in</strong></span> <span class='ocrx_word' id='word_1_92' title='bbox 532 1515 626 1579; x_wconf 86' lang='lat' dir='ltr'><strong>quem</strong></span> <span class='ocrx_word' id='word_1_93' title='bbox 643 1494 727 1560; x_wconf 90' lang='lat' dir='ltr'><strong>diem</strong></span> <span class='ocrx_word' id='word_1_94' title='bbox 744 1494 1007 1573; x_wconf 74' lang='lat' dir='ltr'><strong>transferendam,</strong></span> <span class='ocrx_word' id='word_1_95' title='bbox 1024 1496 1099 1561; x_wconf 91' lang='lat' dir='ltr'><strong>ibid.</strong></span> <span class='ocrx_word' id='word_1_96' title='bbox 1117 1517 1147 1561; x_wconf 91' lang='grc' dir='ltr'><strong>ιι.</strong></span> <span class='ocrx_word' id='word_1_97' title='bbox 1164 1496 1219 1562; x_wconf 85' lang='grc' dir='ltr'><strong>ΙΧ.</strong></span> <span class='ocrx_word' id='word_1_98' title='bbox 1237 1496 1375 1575; x_wconf 81' lang='lat' dir='ltr'><strong>Quando</strong></span> <span class='ocrx_word' id='word_1_99' title='bbox 1395 1506 1472 1562; x_wconf 85' lang='lat' dir='ltr'><strong>trans·</strong></span> <span class='ocrx_word' id='word_1_100' title='bbox 1509 1503 1514 1524; x_wconf 80' lang='lat'><strong><em>⁵</em></strong></span> 
     </span>
     <span class='ocr_line' id='line_1_13' title="bbox 476 1582 1472 1669; baseline 0.002 -22"><span class='ocrx_word' id='word_1_101' title='bbox 476 1582 596 1659; x_wconf 82' lang='lat' dir='ltr'><strong>lectur,</strong></span> <span class='ocrx_word' id='word_1_102' title='bbox 627 1603 689 1669; x_wconf 85' lang='lat' dir='ltr'><strong>quo</strong></span> <span class='ocrx_word' id='word_1_103' title='bbox 713 1583 763 1649; x_wconf 89' lang='lat' dir='ltr'><strong>die</strong></span> <span class='ocrx_word' id='word_1_104' title='bbox 786 1584 818 1648; x_wconf 94' lang='lat' dir='ltr'><strong>in</strong></span> <span class='ocrx_word' id='word_1_105' title='bbox 849 1584 944 1649; x_wconf 89' lang='lat' dir='ltr'><strong>hlissa</strong></span> <span class='ocrx_word' id='word_1_106' title='bbox 967 1585 1101 1650; x_wconf 80' lang='lat' dir='ltr'><strong>solemni</strong></span> <span class='ocrx_word' id='word_1_107' title='bbox 1125 1593 1174 1650; x_wconf 89' lang='lat' dir='ltr'><strong>est</strong></span> <span class='ocrx_word' id='word_1_108' title='bbox 1197 1586 1472 1669; x_wconf 84' lang='lat' dir='ltr'><strong>genuflectendum,</strong></span> 
     </span>
     <span class='ocr_line' id='line_1_14' title="bbox 476 1670 1472 1760; baseline -0.001 -25"><span class='ocrx_word' id='word_1_109' title='bbox 476 1670 552 1737; x_wconf 94' lang='lat' dir='ltr'><strong>dum</strong></span> <span class='ocrx_word' id='word_1_110' title='bbox 574 1672 606 1736; x_wconf 95' lang='lat' dir='ltr'><strong>in</strong></span> <span class='ocrx_word' id='word_1_111' title='bbox 630 1673 733 1737; x_wconf 84' lang='lat' dir='ltr'><strong>Choro</strong></span> <span class='ocrx_word' id='word_1_112' title='bbox 757 1681 905 1739; x_wconf 85' lang='lat' dir='ltr'><strong>cantatur</strong></span> <span class='ocrx_word' id='word_1_113' title='bbox 927 1673 956 1755; x_wconf 72' lang='lat' dir='ltr'><strong>ri.</strong></span> <span class='ocrx_word' id='word_1_114' title='bbox 980 1672 1122 1760; x_wconf 81' lang='lat' dir='ltr'><strong>Symboli</strong></span> <span class='ocrx_word' id='word_1_115' title='bbox 1144 1673 1183 1740; x_wconf 79' lang='lat' dir='ltr'><strong>dt</strong></span> <span class='ocrx_word' id='word_1_116' title='bbox 1205 1676 1400 1751; x_wconf 80' lang='lat' dir='ltr'><strong>incarnatus,</strong></span> <span class='ocrx_word' id='word_1_117' title='bbox 1419 1671 1472 1739; x_wconf 91' lang='lat' dir='ltr'><strong>ibid.</strong></span> 
     </span>
     <span class='ocr_line' id='line_1_15' title="bbox 475 1761 916 1827; baseline 0.007 -3"><span class='ocrx_word' id='word_1_118' title='bbox 475 1780 609 1825; x_wconf 90' lang='lat' dir='ltr'><strong>numero</strong></span> <span class='ocrx_word' id='word_1_119' title='bbox 632 1761 685 1827; x_wconf 93' lang='lat' dir='ltr'><strong>lll.</strong></span> <span class='ocrx_word' id='word_1_120' title='bbox 912 1771 916 1780; x_wconf 84' lang='grc'><strong>“</strong></span> 
     </span>
    </p>

    <p class='ocr_par' dir='ltr' id='par_1_4' title="bbox 432 1847 1436 1935">
     <span class='ocr_line' id='line_1_16' title="bbox 432 1847 1436 1935; baseline 0.005 -25"><span class='ocrx_word' id='word_1_121' title='bbox 432 1847 541 1913; x_wconf 79' lang='lat' dir='ltr'><strong>hirnus</strong></span> <span class='ocrx_word' id='word_1_122' title='bbox 564 1848 741 1914; x_wconf 85' lang='lat' dir='ltr'><strong>Bissextilis</strong></span> <span class='ocrx_word' id='word_1_123' title='bbox 765 1869 826 1934; x_wconf 88' lang='lat' dir='ltr'><strong>qua</strong></span> <span class='ocrx_word' id='word_1_124' title='bbox 849 1850 972 1915; x_wconf 88' lang='lat' dir='ltr'><strong>ratione</strong></span> <span class='ocrx_word' id='word_1_125' title='bbox 996 1849 1205 1935; x_wconf 81' lang='lat' dir='ltr'><strong>dignoscitur,</strong></span> <span class='ocrx_word' id='word_1_126' title='bbox 1230 1871 1259 1915; x_wconf 92' lang='lat' dir='ltr'><strong>c.</strong></span> <span class='ocrx_word' id='word_1_127' title='bbox 1287 1852 1303 1916; x_wconf 92' lang='lat' dir='ltr'><strong>l</strong></span> <span class='ocrx_word' id='word_1_128' title='bbox 1332 1872 1365 1917; x_wconf 92' lang='grc' dir='ltr'><strong>ιι.</strong></span> <span class='ocrx_word' id='word_1_129' title='bbox 1389 1853 1436 1917; x_wconf 72' lang='lat' dir='ltr'><strong>ld.</strong></span> 
     </span>
    </p>

    <p class='ocr_par' dir='ltr' id='par_1_5' title="bbox 432 1936 1472 2203">
     <span class='ocr_line' id='line_1_17' title="bbox 432 1936 1472 2024; baseline 0.003 -24"><span class='ocrx_word' id='word_1_130' title='bbox 432 1938 574 2002; x_wconf 73' lang='lat' dir='ltr'><strong>anselmi</strong></span> <span class='ocrx_word' id='word_1_131' title='bbox 598 1936 655 2024; x_wconf 86' lang='lat' dir='ltr'><strong>(S.)</strong></span> <span class='ocrx_word' id='word_1_132' title='bbox 678 1937 807 2003; x_wconf 79' lang='lat' dir='ltr'><strong>Festum</strong></span> <span class='ocrx_word' id='word_1_133' title='bbox 830 1939 857 2003; x_wconf 92' lang='lat' dir='ltr'><strong>si</strong></span> <span class='ocrx_word' id='word_1_134' title='bbox 880 1938 1000 2004; x_wconf 90' lang='lat' dir='ltr'><strong>incidat</strong></span> <span class='ocrx_word' id='word_1_135' title='bbox 1022 1940 1054 2003; x_wconf 92' lang='lat' dir='ltr'><strong>in</strong></span> <span class='ocrx_word' id='word_1_136' title='bbox 1078 1939 1161 2004; x_wconf 94' lang='lat' dir='ltr'><strong>diem</strong></span> <span class='ocrx_word' id='word_1_137' title='bbox 1194 1938 1393 2024; x_wconf 77' lang='lat' dir='ltr'><strong>gaudentem</strong></span> <span class='ocrx_word' id='word_1_138' title='bbox 1415 1956 1472 2005; x_wconf 86' lang='lat' dir='ltr'><strong>nora</strong></span> 
     </span>
     <span class='ocr_line' id='line_1_18' title="bbox 474 2024 1471 2113; baseline 0.002 -24"><span class='ocrx_word' id='word_1_139' title='bbox 474 2024 624 2091; x_wconf 77' lang='lat' dir='ltr'><strong>Lectione</strong></span> <span class='ocrx_word' id='word_1_140' title='bbox 648 2026 686 2091; x_wconf 91' lang='lat' dir='ltr'><strong>de</strong></span> <span class='ocrx_word' id='word_1_141' title='bbox 710 2025 840 2092; x_wconf 90' lang='lat' dir='ltr'><strong>homilia</strong></span> <span class='ocrx_word' id='word_1_142' title='bbox 862 2028 912 2092; x_wconf 89' lang='lat' dir='ltr'><strong>vel</strong></span> <span class='ocrx_word' id='word_1_143' title='bbox 935 2026 1021 2093; x_wconf 76' lang='lat' dir='ltr'><strong>llesti</strong></span> <span class='ocrx_word' id='word_1_144' title='bbox 1037 2028 1205 2113; x_wconf 87' lang='lat' dir='ltr'><strong>simplicis,</strong></span> <span class='ocrx_word' id='word_1_145' title='bbox 1226 2049 1267 2093; x_wconf 87' lang='lat' dir='ltr'><strong>ex</strong></span> <span class='ocrx_word' id='word_1_146' title='bbox 1284 2029 1391 2096; x_wconf 86' lang='lat' dir='ltr'><strong>tribus</strong></span> <span class='ocrx_word' id='word_1_147' title='bbox 1413 2028 1471 2094; x_wconf 82' lang='lat' dir='ltr'><strong>itin</strong></span> 
     </span>
     <span class='ocr_line' id='line_1_19' title="bbox 474 2113 1462 2203; baseline 0.001 -25"><span class='ocrx_word' id='word_1_148' title='bbox 474 2113 678 2180; x_wconf 77' lang='lat' dir='ltr'><strong>Lectionibus</strong></span> <span class='ocrx_word' id='word_1_149' title='bbox 701 2116 788 2181; x_wconf 91' lang='lat' dir='ltr'><strong>tertii</strong></span> <span class='ocrx_word' id='word_1_150' title='bbox 810 2115 964 2182; x_wconf 89' lang='lat' dir='ltr'><strong>Nocturni</strong></span> <span class='ocrx_word' id='word_1_151' title='bbox 986 2116 1066 2181; x_wconf 90' lang='lat' dir='ltr'><strong>fiunt</strong></span> <span class='ocrx_word' id='word_1_152' title='bbox 1088 2117 1172 2193; x_wconf 87' lang='lat' dir='ltr'><strong>dnae,</strong></span> <span class='ocrx_word' id='word_1_153' title='bbox 1197 2116 1310 2184; x_wconf 90' lang='lat' dir='ltr'><strong>adnot.</strong></span> <span class='ocrx_word' id='word_1_154' title='bbox 1335 2120 1375 2184; x_wconf 81' lang='lat' dir='ltr'><strong>at</strong></span> <span class='ocrx_word' id='word_1_155' title='bbox 1401 2118 1462 2203; x_wconf 78' lang='lat' dir='ltr'><strong>Api.</strong></span> 
     </span>
    </p>

    <p class='ocr_par' dir='ltr' id='par_1_6' title="bbox 431 2203 1477 2651">
     <span class='ocr_line' id='line_1_20' title="bbox 431 2203 1475 2294; baseline -0.002 -25"><span class='ocrx_word' id='word_1_156' title='bbox 431 2204 613 2290; x_wconf 71' lang='lat' dir='ltr'><strong>antiphona</strong></span> <span class='ocrx_word' id='word_1_157' title='bbox 636 2203 762 2290; x_wconf 88' lang='lat' dir='ltr'><strong>quando</strong></span> <span class='ocrx_word' id='word_1_158' title='bbox 785 2205 897 2291; x_wconf 89' lang='lat' dir='ltr'><strong>incipit</strong></span> <span class='ocrx_word' id='word_1_159' title='bbox 912 2206 995 2271; x_wconf 90' lang='lat' dir='ltr'><strong>sicut</strong></span> <span class='ocrx_word' id='word_1_160' title='bbox 1017 2205 1174 2281; x_wconf 77' lang='lat' dir='ltr'><strong>PsalmuS,</strong></span> <span class='ocrx_word' id='word_1_161' title='bbox 1191 2206 1292 2273; x_wconf 90' lang='lat' dir='ltr'><strong>verba</strong></span> <span class='ocrx_word' id='word_1_162' title='bbox 1309 2207 1475 2294; x_wconf 82' lang='lat' dir='ltr'><strong>Antiphone</strong></span> 
     </span>
     <span class='ocr_line' id='line_1_21' title="bbox 475 2289 1476 2379; baseline 0.002 -22"><span class='ocrx_word' id='word_1_163' title='bbox 475 2313 538 2357; x_wconf 94' lang='lat' dir='ltr'><strong>non</strong></span> <span class='ocrx_word' id='word_1_164' title='bbox 563 2301 753 2379; x_wconf 84' lang='lat' dir='ltr'><strong>repetuntur</strong></span> <span class='ocrx_word' id='word_1_165' title='bbox 774 2293 807 2358; x_wconf 95' lang='lat' dir='ltr'><strong>in</strong></span> <span class='ocrx_word' id='word_1_166' title='bbox 830 2294 970 2370; x_wconf 89' lang='lat' dir='ltr'><strong>Psalmo,</strong></span> <span class='ocrx_word' id='word_1_167' title='bbox 994 2291 1100 2361; x_wconf 90' lang='lat' dir='ltr'><strong>adnot.</strong></span> <span class='ocrx_word' id='word_1_168' title='bbox 1133 2294 1176 2359; x_wconf 78' lang='lat' dir='ltr'><strong>llt</strong></span> <span class='ocrx_word' id='word_1_169' title='bbox 1198 2293 1273 2360; x_wconf 87' lang='lat' dir='ltr'><strong>Jan.</strong></span> <span class='ocrx_word' id='word_1_170' title='bbox 1298 2317 1330 2361; x_wconf 92' lang='grc' dir='ltr'><strong>ιι.</strong></span> <span class='ocrx_word' id='word_1_171' title='bbox 1355 2289 1476 2374; x_wconf 83' lang='lat' dir='ltr'><strong>11.th</strong></span> 
     </span>
     <span class='ocr_line' id='line_1_22' title="bbox 475 2381 1477 2469; baseline -0.001 -22"><span class='ocrx_word' id='word_1_172' title='bbox 475 2381 645 2466; x_wconf 85' lang='lat' dir='ltr'><strong>agendum,</strong></span> <span class='ocrx_word' id='word_1_173' title='bbox 666 2383 693 2448; x_wconf 92' lang='lat' dir='ltr'><strong>si</strong></span> <span class='ocrx_word' id='word_1_174' title='bbox 708 2381 890 2469; x_wconf 81' lang='lat' dir='ltr'><strong>Antiphona</strong></span> <span class='ocrx_word' id='word_1_175' title='bbox 914 2402 972 2469; x_wconf 85' lang='lat' dir='ltr'><strong>pro</strong></span> <span class='ocrx_word' id='word_1_176' title='bbox 995 2385 1303 2451; x_wconf 79' lang='lat' dir='ltr'><strong>commemoratione</strong></span> <span class='ocrx_word' id='word_1_177' title='bbox 1324 2386 1369 2454; x_wconf 91' lang='lat' dir='ltr'><strong>sit</strong></span> <span class='ocrx_word' id='word_1_178' title='bbox 1389 2384 1477 2451; x_wconf 88' lang='lat' dir='ltr'><strong>eaden</strong></span> 
     </span>
     <span class='ocr_line' id='line_1_23' title="bbox 475 2470 1477 2560; baseline 0.001 -25"><span class='ocrx_word' id='word_1_179' title='bbox 475 2491 513 2535; x_wconf 93' lang='lat' dir='ltr'><strong>ac</strong></span> <span class='ocrx_word' id='word_1_180' title='bbox 535 2473 589 2537; x_wconf 91' lang='lat' dir='ltr'><strong>illa</strong></span> <span class='ocrx_word' id='word_1_181' title='bbox 614 2470 725 2547; x_wconf 83' lang='lat' dir='ltr'><strong>Officii,</strong></span> <span class='ocrx_word' id='word_1_182' title='bbox 749 2492 776 2537; x_wconf 91' lang='lat' dir='ltr'><strong>c.</strong></span> <span class='ocrx_word' id='word_1_183' title='bbox 800 2472 819 2538; x_wconf 87' lang='grc'><strong>6</strong></span> <span class='ocrx_word' id='word_1_184' title='bbox 843 2494 874 2538; x_wconf 90' lang='grc' dir='ltr'><strong>ιι.</strong></span> <span class='ocrx_word' id='word_1_185' title='bbox 900 2472 952 2537; x_wconf 81' lang='lat' dir='ltr'><strong>ld.</strong></span> <span class='ocrx_word' id='word_1_186' title='bbox 981 2471 1112 2551; x_wconf 82' lang='lat' dir='ltr'><strong>Quando</strong></span> <span class='ocrx_word' id='word_1_187' title='bbox 1144 2473 1340 2560; x_wconf 72' lang='lat' dir='ltr'><strong>Antiphone</strong></span> <span class='ocrx_word' id='word_1_188' title='bbox 1372 2490 1477 2542; x_wconf 86' lang='lat' dir='ltr'><strong>censen·</strong></span> 
     </span>
     <span class='ocr_line' id='line_1_24' title="bbox 475 2560 1284 2651; baseline 0.005 -28"><span class='ocrx_word' id='word_1_189' title='bbox 475 2568 529 2624; x_wconf 88' lang='lat' dir='ltr'><strong>tur</strong></span> <span class='ocrx_word' id='word_1_190' title='bbox 552 2560 681 2636; x_wconf 72' lang='lat' dir='ltr'><strong>eadem,</strong></span> <span class='ocrx_word' id='word_1_191' title='bbox 705 2560 781 2626; x_wconf 92' lang='lat' dir='ltr'><strong>ibid.</strong></span> <span class='ocrx_word' id='word_1_192' title='bbox 804 2560 883 2626; x_wconf 87' lang='lat' dir='ltr'><strong>Vide</strong></span> <span class='ocrx_word' id='word_1_193' title='bbox 905 2560 997 2626; x_wconf 81' lang='lat' dir='ltr'><strong>Initio</strong></span> <span class='ocrx_word' id='word_1_194' title='bbox 1021 2562 1284 2651; x_wconf 73' lang='lat' dir='ltr'><strong>Antiphouorum.</strong></span> 
     </span>
    </p>

    <p class='ocr_par' dir='ltr' id='par_1_7' title="bbox 431 2648 1515 2803">
     <span class='ocr_line' id='line_1_25' title="bbox 431 2648 1515 2736; baseline -0.001 -23"><span class='ocrx_word' id='word_1_195' title='bbox 431 2648 620 2734; x_wconf 76' lang='lat' dir='ltr'><strong>Antiphone</strong></span> <span class='ocrx_word' id='word_1_196' title='bbox 643 2649 753 2714; x_wconf 86' lang='lat' dir='ltr'><strong>finales</strong></span> <span class='ocrx_word' id='word_1_197' title='bbox 776 2649 810 2714; x_wconf 92' lang='lat' dir='ltr'><strong>B.</strong></span> <span class='ocrx_word' id='word_1_198' title='bbox 834 2649 874 2715; x_wconf 88' lang='lat' dir='ltr'><strong>M.</strong></span> <span class='ocrx_word' id='word_1_199' title='bbox 891 2648 927 2714; x_wconf 90' lang='lat' dir='ltr'><strong>V.</strong></span> <span class='ocrx_word' id='word_1_200' title='bbox 952 2650 1078 2735; x_wconf 90' lang='lat' dir='ltr'><strong>quaudo</strong></span> <span class='ocrx_word' id='word_1_201' title='bbox 1101 2659 1133 2716; x_wconf 90' lang='lat' dir='ltr'><strong>et</strong></span> <span class='ocrx_word' id='word_1_202' title='bbox 1149 2651 1322 2736; x_wconf 86' lang='lat' dir='ltr'><strong>&#39;quomodo</strong></span> <span class='ocrx_word' id='word_1_203' title='bbox 1340 2651 1478 2721; x_wconf 87' lang='lat' dir='ltr'><strong>dicuntur,</strong></span> <span class='ocrx_word' id='word_1_204' title='bbox 1513 2680 1515 2695; x_wconf 81' lang='lat'><em>=</em></span> 
     </span>
     <span class='ocr_line' id='line_1_26' title="bbox 477 2737 977 2803; baseline 0 -1"><span class='ocrx_word' id='word_1_205' title='bbox 477 2737 584 2803; x_wconf 88' lang='lat' dir='ltr'><strong>adnot.</strong></span> <span class='ocrx_word' id='word_1_206' title='bbox 609 2739 628 2802; x_wconf 75' lang='lat' dir='ltr'><strong>D</strong></span> <span class='ocrx_word' id='word_1_207' title='bbox 653 2738 744 2803; x_wconf 85' lang='lat' dir='ltr'><strong>Febr.</strong></span> <span class='ocrx_word' id='word_1_208' title='bbox 769 2760 799 2803; x_wconf 91' lang='lat' dir='ltr'><strong>n.</strong></span> <span class='ocrx_word' id='word_1_209' title='bbox 824 2738 865 2802; x_wconf 91' lang='lat' dir='ltr'><strong>IV</strong></span> <span class='ocrx_word' id='word_1_210' title='bbox 888 2746 921 2802; x_wconf 89' lang='lat' dir='ltr'><strong>et</strong></span> <span class='ocrx_word' id='word_1_211' title='bbox 942 2737 977 2803; x_wconf 91' lang='lat' dir='ltr'><strong>V.</strong></span> 
     </span>
    </p>

    <p class='ocr_par' dir='ltr' id='par_1_8' title="bbox 431 2824 1480 3068">
     <span class='ocr_line' id='line_1_27' title="bbox 431 2824 1480 2915; baseline 0.002 -27"><span class='ocrx_word' id='word_1_212' title='bbox 431 2826 620 2910; x_wconf 78' lang='lat' dir='ltr'><strong>antiphone</strong></span> <span class='ocrx_word' id='word_1_213' title='bbox 643 2827 782 2912; x_wconf 83' lang='lat' dir='ltr'><strong>propriae</strong></span> <span class='ocrx_word' id='word_1_214' title='bbox 804 2825 931 2893; x_wconf 81' lang='lat' dir='ltr'><strong>feriales</strong></span> <span class='ocrx_word' id='word_1_215' title='bbox 955 2826 1095 2892; x_wconf 74' lang='lat' dir='ltr'><strong>dicendae</strong></span> <span class='ocrx_word' id='word_1_216' title='bbox 1112 2825 1152 2893; x_wconf 92' lang='lat' dir='ltr'><strong>ad</strong></span> <span class='ocrx_word' id='word_1_217' title='bbox 1165 2827 1296 2894; x_wconf 86' lang='lat' dir='ltr'><strong>Laudes</strong></span> <span class='ocrx_word' id='word_1_218' title='bbox 1312 2836 1348 2894; x_wconf 91' lang='lat' dir='ltr'><strong>et</strong></span> <span class='ocrx_word' id='word_1_219' title='bbox 1370 2824 1480 2915; x_wconf 83' lang='lat' dir='ltr'><strong>perdo</strong></span> 
     </span>
     <span class='ocr_line' id='line_1_28' title="bbox 475 2914 1478 3066; baseline 0.002 -89"><span class='ocrx_word' id='word_1_220' title='bbox 475 2933 528 2978; x_wconf 90' lang='lat' dir='ltr'><strong>ras</strong></span> <span class='ocrx_word' id='word_1_221' title='bbox 541 2915 582 3066; x_wconf 47' lang='lat' dir='ltr'><strong>lilo</strong></span> <span class='ocrx_word' id='word_1_222' title='bbox 600 2935 655 2978; x_wconf 86' lang='lat' dir='ltr'><strong>sex</strong></span> <span class='ocrx_word' id='word_1_223' title='bbox 670 2914 758 3066; x_wconf 69' lang='lat' dir='ltr'><strong>ferliis</strong></span> <span class='ocrx_word' id='word_1_224' title='bbox 775 2924 848 2981; x_wconf 89' lang='lat' dir='ltr'><strong>ante</strong></span> <span class='ocrx_word' id='word_1_225' title='bbox 863 2915 1012 3001; x_wconf 80' lang='lat' dir='ltr'><strong>Vigiliam</strong></span> <span class='ocrx_word' id='word_1_226' title='bbox 1033 2916 1213 2982; x_wconf 80' lang='lat' dir='ltr'><strong>Natiuitatis</strong></span> <span class='ocrx_word' id='word_1_227' title='bbox 1230 2916 1375 2996; x_wconf 87' lang='lat' dir='ltr'><strong>Domini,</strong></span> <span class='ocrx_word' id='word_1_228' title='bbox 1392 2916 1478 2982; x_wconf 88' lang='lat' dir='ltr'><strong>adnot</strong></span> 
     </span>
     <span class='ocr_line' id='line_1_29' title="bbox 476 3002 733 3068; baseline 0.016 -4"><span class='ocrx_word' id='word_1_229' title='bbox 476 3002 517 3064; x_wconf 81' lang='lat' dir='ltr'><strong>ll</strong></span> <span class='ocrx_word' id='word_1_230' title='bbox 570 3023 615 3068; x_wconf 90' lang='lat' dir='ltr'><strong>ec.</strong></span> <span class='ocrx_word' id='word_1_231' title='bbox 640 3023 670 3067; x_wconf 92' lang='grc' dir='ltr'><strong>ιι.</strong></span> <span class='ocrx_word' id='word_1_232' title='bbox 695 3003 733 3067; x_wconf 94' lang='lat' dir='ltr'><strong>l.</strong></span> 
     </span>
    </p>

    <p class='ocr_par' dir='ltr' id='par_1_9' title="bbox 431 3088 1484 3691">
     <span class='ocr_line' id='line_1_30' title="bbox 431 3088 1481 3177; baseline 0.001 -23"><span class='ocrx_word' id='word_1_233' title='bbox 431 3088 598 3176; x_wconf 79' lang='lat' dir='ltr'><strong>Apparitio</strong></span> <span class='ocrx_word' id='word_1_234' title='bbox 621 3089 654 3156; x_wconf 90' lang='lat' dir='ltr'><strong>S.</strong></span> <span class='ocrx_word' id='word_1_235' title='bbox 678 3090 840 3158; x_wconf 84' lang='lat' dir='ltr'><strong>Michaelis</strong></span> <span class='ocrx_word' id='word_1_236' title='bbox 854 3092 1045 3177; x_wconf 77' lang='lat' dir='ltr'><strong>Archangeli</strong></span> <span class='ocrx_word' id='word_1_237' title='bbox 1068 3094 1095 3160; x_wconf 91' lang='lat' dir='ltr'><strong>si</strong></span> <span class='ocrx_word' id='word_1_238' title='bbox 1112 3102 1264 3160; x_wconf 89' lang='lat' dir='ltr'><strong>occurrat</strong></span> <span class='ocrx_word' id='word_1_239' title='bbox 1289 3093 1342 3161; x_wconf 93' lang='lat' dir='ltr'><strong>die</strong></span> <span class='ocrx_word' id='word_1_240' title='bbox 1364 3093 1481 3159; x_wconf 87' lang='lat' dir='ltr'><strong>habento</strong></span> 
     </span>
     <span class='ocr_line' id='line_1_31' title="bbox 477 3177 1482 3270; baseline 0 -26"><span class='ocrx_word' id='word_1_241' title='bbox 477 3200 595 3245; x_wconf 90' lang='lat' dir='ltr'><strong>nonam</strong></span> <span class='ocrx_word' id='word_1_242' title='bbox 618 3179 800 3246; x_wconf 89' lang='lat' dir='ltr'><strong>Lectionem</strong></span> <span class='ocrx_word' id='word_1_243' title='bbox 824 3180 863 3246; x_wconf 93' lang='lat' dir='ltr'><strong>de</strong></span> <span class='ocrx_word' id='word_1_244' title='bbox 886 3181 1016 3248; x_wconf 88' lang='lat' dir='ltr'><strong>homilia</strong></span> <span class='ocrx_word' id='word_1_245' title='bbox 1039 3191 1112 3259; x_wconf 81' lang='lat' dir='ltr'><strong>etc,</strong></span> <span class='ocrx_word' id='word_1_246' title='bbox 1143 3182 1253 3248; x_wconf 91' lang='lat' dir='ltr'><strong>adnot.</strong></span> <span class='ocrx_word' id='word_1_247' title='bbox 1279 3184 1299 3250; x_wconf 81' lang='lat'>8</span> <span class='ocrx_word' id='word_1_248' title='bbox 1323 3183 1400 3270; x_wconf 87' lang='lat' dir='ltr'><strong>hlaji</strong></span> <span class='ocrx_word' id='word_1_249' title='bbox 1420 3203 1447 3248; x_wconf 92' lang='lat' dir='ltr'><strong>n.</strong></span> <span class='ocrx_word' id='word_1_250' title='bbox 1464 3177 1482 3243; x_wconf 92' lang='lat' dir='ltr'><strong>l.</strong></span> 
     </span>
     <span class='ocr_line' id='line_1_32' title="bbox 477 3267 1483 3358; baseline -0.001 -25"><span class='ocrx_word' id='word_1_251' title='bbox 477 3267 511 3334; x_wconf 85' lang='lat' dir='ltr'><strong>Si</strong></span> <span class='ocrx_word' id='word_1_252' title='bbox 530 3268 744 3334; x_wconf 82' lang='lat' dir='ltr'><strong>transferatur</strong></span> <span class='ocrx_word' id='word_1_253' title='bbox 760 3278 834 3357; x_wconf 89' lang='lat' dir='ltr'><strong>post</strong></span> <span class='ocrx_word' id='word_1_254' title='bbox 848 3270 1069 3348; x_wconf 88' lang='lat' dir='ltr'><strong>Pentecosten,</strong></span> <span class='ocrx_word' id='word_1_255' title='bbox 1085 3270 1160 3336; x_wconf 88' lang='lat' dir='ltr'><strong>ibid.</strong></span> <span class='ocrx_word' id='word_1_256' title='bbox 1178 3269 1262 3350; x_wconf 82' lang='lat' dir='ltr'><strong>Quid</strong></span> <span class='ocrx_word' id='word_1_257' title='bbox 1280 3269 1483 3358; x_wconf 71' lang='lat' dir='ltr'><strong>praestandum</strong></span> 
     </span>
     <span class='ocr_line' id='line_1_33' title="bbox 479 3357 1484 3444; baseline -0.001 -21"><span class='ocrx_word' id='word_1_258' title='bbox 479 3357 584 3442; x_wconf 88' lang='lat' dir='ltr'><strong>quoad</strong></span> <span class='ocrx_word' id='word_1_259' title='bbox 607 3357 773 3424; x_wconf 89' lang='lat' dir='ltr'><strong>Lectiones</strong></span> <span class='ocrx_word' id='word_1_260' title='bbox 797 3359 892 3444; x_wconf 91' lang='lat' dir='ltr'><strong>primi</strong></span> <span class='ocrx_word' id='word_1_261' title='bbox 907 3359 1061 3426; x_wconf 89' lang='lat' dir='ltr'><strong>Nocturni</strong></span> <span class='ocrx_word' id='word_1_262' title='bbox 1084 3360 1137 3427; x_wconf 90' lang='lat' dir='ltr'><strong>uhi</strong></span> <span class='ocrx_word' id='word_1_263' title='bbox 1154 3359 1342 3426; x_wconf 91' lang='lat' dir='ltr'><strong>celebratur</strong></span> <span class='ocrx_word' id='word_1_264' title='bbox 1358 3359 1484 3427; x_wconf 87' lang='lat' dir='ltr'><strong>Officium</strong></span> 
     </span>
     <span class='ocr_line' id='line_1_34' title="bbox 477 3445 1484 3535; baseline -0.001 -25"><span class='ocrx_word' id='word_1_265' title='bbox 477 3445 539 3512; x_wconf 92' lang='lat' dir='ltr'><strong>diei</strong></span> <span class='ocrx_word' id='word_1_266' title='bbox 556 3445 682 3512; x_wconf 83' lang='lat' dir='ltr'><strong>Octavae</strong></span> <span class='ocrx_word' id='word_1_267' title='bbox 706 3446 755 3513; x_wconf 91' lang='lat' dir='ltr'><strong>Ss.</strong></span> <span class='ocrx_word' id='word_1_268' title='bbox 773 3449 831 3533; x_wconf 84' lang='lat' dir='ltr'><strong>hp.</strong></span> <span class='ocrx_word' id='word_1_269' title='bbox 855 3447 993 3535; x_wconf 91' lang='lat' dir='ltr'><strong>Philippi</strong></span> <span class='ocrx_word' id='word_1_270' title='bbox 1016 3457 1048 3514; x_wconf 90' lang='lat' dir='ltr'><strong>et</strong></span> <span class='ocrx_word' id='word_1_271' title='bbox 1069 3449 1189 3525; x_wconf 87' lang='lat' dir='ltr'><strong>Jacohi,</strong></span> <span class='ocrx_word' id='word_1_272' title='bbox 1213 3449 1242 3513; x_wconf 94' lang='lat' dir='ltr'><strong>si</strong></span> <span class='ocrx_word' id='word_1_273' title='bbox 1266 3449 1391 3516; x_wconf 89' lang='lat' dir='ltr'><strong>incidat</strong></span> <span class='ocrx_word' id='word_1_274' title='bbox 1410 3447 1484 3515; x_wconf 83' lang='lat' dir='ltr'><strong>Feria</strong></span> 
     </span>
     <span class='ocr_line' id='line_1_35' title="bbox 477 3534 1484 3621; baseline 0.009 -23"><span class='ocrx_word' id='word_1_275' title='bbox 477 3534 617 3601; x_wconf 90' lang='lat' dir='ltr'><strong>secunda</strong></span> <span class='ocrx_word' id='word_1_276' title='bbox 641 3544 712 3621; x_wconf 84' lang='lat' dir='ltr'><strong>post</strong></span> <span class='ocrx_word' id='word_1_277' title='bbox 744 3534 943 3603; x_wconf 89' lang='lat' dir='ltr'><strong>Dominieam</strong></span> <span class='ocrx_word' id='word_1_278' title='bbox 973 3536 1056 3604; x_wconf 86' lang='lat' dir='ltr'><strong>inira</strong></span> <span class='ocrx_word' id='word_1_279' title='bbox 1086 3537 1238 3604; x_wconf 84' lang='lat' dir='ltr'><strong>Octavam</strong></span> <span class='ocrx_word' id='word_1_280' title='bbox 1272 3537 1484 3607; x_wconf 72' lang='lat' dir='ltr'><strong>ascensionis,</strong></span> 
     </span>
     <span class='ocr_line' id='line_1_36' title="bbox 475 3623 771 3691; baseline 0.014 -6"><span class='ocrx_word' id='word_1_281' title='bbox 475 3623 552 3689; x_wconf 91' lang='lat' dir='ltr'><strong>ibid.</strong></span> <span class='ocrx_word' id='word_1_282' title='bbox 577 3645 708 3691; x_wconf 88' lang='lat' dir='ltr'><strong>numero</strong></span> <span class='ocrx_word' id='word_1_283' title='bbox 733 3623 771 3689; x_wconf 92' lang='lat' dir='ltr'><strong>ll.</strong></span> 
     </span>
    </p>

    <p class='ocr_par' dir='ltr' id='par_1_10' title="bbox 432 3709 1484 3981">
     <span class='ocr_line' id='line_1_37' title="bbox 432 3709 1484 3803; baseline 0.002 -31"><span class='ocrx_word' id='word_1_284' title='bbox 432 3709 583 3778; x_wconf 71' lang='lat' dir='ltr'><strong>ascensio</strong></span> <span class='ocrx_word' id='word_1_285' title='bbox 606 3712 741 3778; x_wconf 89' lang='lat' dir='ltr'><strong>Domini.</strong></span> <span class='ocrx_word' id='word_1_286' title='bbox 765 3713 1064 3782; x_wconf 80' lang='lat' dir='ltr'><strong>Animadversiones</strong></span> <span class='ocrx_word' id='word_1_287' title='bbox 1086 3716 1118 3781; x_wconf 93' lang='lat' dir='ltr'><strong>in</strong></span> <span class='ocrx_word' id='word_1_288' title='bbox 1141 3714 1229 3780; x_wconf 89' lang='lat' dir='ltr'><strong>illam</strong></span> <span class='ocrx_word' id='word_1_289' title='bbox 1260 3725 1337 3803; x_wconf 89' lang='lat' dir='ltr'><strong>post</strong></span> <span class='ocrx_word' id='word_1_290' title='bbox 1361 3728 1484 3783; x_wconf 85' lang='lat' dir='ltr'><strong>mensem</strong></span> 
     </span>
     <span class='ocr_line' id='line_1_38' title="bbox 476 3798 1484 3891; baseline 0.003 -29"><span class='ocrx_word' id='word_1_291' title='bbox 476 3798 559 3886; x_wconf 86' lang='lat' dir='ltr'><strong>llaji.</strong></span> <span class='ocrx_word' id='word_1_292' title='bbox 584 3799 665 3880; x_wconf 82' lang='lat' dir='ltr'><strong>Quid</strong></span> <span class='ocrx_word' id='word_1_293' title='bbox 688 3803 904 3882; x_wconf 87' lang='lat' dir='ltr'><strong>annotandum</strong></span> <span class='ocrx_word' id='word_1_294' title='bbox 934 3805 1019 3870; x_wconf 88' lang='lat' dir='ltr'><strong>circa</strong></span> <span class='ocrx_word' id='word_1_295' title='bbox 1043 3803 1185 3891; x_wconf 87' lang='lat' dir='ltr'><strong>ejusdem</strong></span> <span class='ocrx_word' id='word_1_296' title='bbox 1208 3802 1368 3872; x_wconf 81' lang='lat' dir='ltr'><strong>Octavam</strong></span> <span class='ocrx_word' id='word_1_297' title='bbox 1391 3813 1419 3871; x_wconf 92' lang='lat' dir='ltr'><strong>et</strong></span> <span class='ocrx_word' id='word_1_298' title='bbox 1439 3801 1484 3868; x_wconf 80' lang='lat' dir='ltr'><strong>te·</strong></span> 
     </span>
     <span class='ocr_line' id='line_1_39' title="bbox 475 3886 1483 3981; baseline 0.006 -29"><span class='ocrx_word' id='word_1_299' title='bbox 475 3887 557 3952; x_wconf 89' lang='lat' dir='ltr'><strong>riam</strong></span> <span class='ocrx_word' id='word_1_300' title='bbox 585 3898 706 3955; x_wconf 85' lang='lat' dir='ltr'><strong>sextam</strong></span> <span class='ocrx_word' id='word_1_301' title='bbox 736 3911 774 3957; x_wconf 91' lang='lat' dir='ltr'><strong>ac</strong></span> <span class='ocrx_word' id='word_1_302' title='bbox 809 3889 984 3959; x_wconf 90' lang='lat' dir='ltr'><strong>Sabbatum</strong></span> <span class='ocrx_word' id='word_1_303' title='bbox 1013 3902 1086 3981; x_wconf 90' lang='lat' dir='ltr'><strong>post</strong></span> <span class='ocrx_word' id='word_1_304' title='bbox 1116 3893 1287 3972; x_wconf 91' lang='lat' dir='ltr'><strong>eamdem,</strong></span> <span class='ocrx_word' id='word_1_305' title='bbox 1320 3894 1397 3961; x_wconf 90' lang='lat' dir='ltr'><strong>ibid.</strong></span> <span class='ocrx_word' id='word_1_306' title='bbox 1423 3886 1483 3958; x_wconf 68' lang='lat' dir='ltr'><strong>nl</strong></span> 
     </span>
    </p>
   </div>
   <div class='ocr_carea' id='block_1_3' title="bbox 368 3977 1484 4151">
    <p class='ocr_par' dir='ltr' id='par_1_11' title="bbox 368 3977 1484 4151">
     <span class='ocr_line' id='line_1_40' title="bbox 368 3977 1484 4070; baseline 0.014 -34"><span class='ocrx_word' id='word_1_307' title='bbox 368 4030 378 4036; x_wconf 82' lang='lat'><strong>.</strong></span> <span class='ocrx_word' id='word_1_308' title='bbox 430 4040 432 4042; x_wconf 77' lang='grc'>,</span> <span class='ocrx_word' id='word_1_309' title='bbox 476 3981 508 4040; x_wconf 86' lang='lat' dir='ltr'><strong>et</strong></span> <span class='ocrx_word' id='word_1_310' title='bbox 542 3995 630 4061; x_wconf 88' lang='lat' dir='ltr'><strong>seqq.</strong></span> <span class='ocrx_word' id='word_1_311' title='bbox 661 3977 765 4058; x_wconf 82' lang='lat' dir='ltr'><strong>Quare</strong></span> <span class='ocrx_word' id='word_1_312' title='bbox 798 3978 893 4047; x_wconf 91' lang='lat' dir='ltr'><strong>hodie</strong></span> <span class='ocrx_word' id='word_1_313' title='bbox 927 3983 1129 4070; x_wconf 81' lang='lat' dir='ltr'><strong>extinguatur</strong></span> <span class='ocrx_word' id='word_1_314' title='bbox 1159 3981 1282 4052; x_wconf 83' lang='lat' dir='ltr'><strong>Cereus</strong></span> <span class='ocrx_word' id='word_1_315' title='bbox 1315 3981 1484 4053; x_wconf 73' lang='lat' dir='ltr'><strong>paschalis.</strong></span> 
     </span>
     <span class='ocr_line' id='line_1_41' title="bbox 475 4065 801 4151; baseline 0.018 -21"><span class='ocrx_word' id='word_1_316' title='bbox 475 4083 548 4151; x_wconf 82' lang='lat' dir='ltr'><strong>pag.</strong></span> <span class='ocrx_word' id='word_1_317' title='bbox 572 4065 636 4133; x_wconf 73' lang='lat'><strong>297</strong></span> <span class='ocrx_word' id='word_1_318' title='bbox 660 4067 693 4134; x_wconf 93' lang='lat' dir='ltr'><strong>in</strong></span> <span class='ocrx_word' id='word_1_319' title='bbox 716 4077 801 4136; x_wconf 86' lang='lat' dir='ltr'><strong>uota.</strong></span> 
     </span>
    </p>
   </div>
   <div class='ocr_carea' id='block_1_4' title="bbox 0 0 1754 4875">
    <p class='ocr_par' dir='ltr' id='par_1_12' title="bbox 0 0 1754 4875">
     <span class='ocr_line' id='line_1_42' title="bbox 0 0 1754 4875; baseline 0 0"><span class='ocrx_word' id='word_1_320' title='bbox 0 0 1754 4875; x_wconf 95' lang='lat' dir='ltr'><strong> </strong></span> 
     </span>
    </p>
   </div>
  </div>
 </body>
</html>
