<?xml version="1.0" encoding="UTF-8"?>
<!DOCTYPE html PUBLIC "-//W3C//DTD XHTML 1.0 Transitional//EN"
    "http://www.w3.org/TR/xhtml1/DTD/xhtml1-transitional.dtd">
<html xmlns="http://www.w3.org/1999/xhtml" xml:lang="en" lang="en">
 <head>
  <title>
</title>
<meta http-equiv="Content-Type" content="text/html;charset=utf-8" />
  <meta name='ocr-system' content='tesseract 3.04.00' />
  <meta name='ocr-capabilities' content='ocr_page ocr_carea ocr_par ocr_line ocrx_word'/>
</head>
<body>
  <div class='ocr_page' id='page_1' title='image "./kalendariumperp00carpgoog_0474.png"; bbox 0 0 3484 4875; ppageno 0'>
   <div class='ocr_carea' id='block_1_1' title="bbox 624 483 1328 553">
    <p class='ocr_par' dir='ltr' id='par_1_1' title="bbox 624 483 1328 553">
     <span class='ocr_line' id='line_1_1' title="bbox 624 483 1328 553; baseline -0.001 -1"><span class='ocrx_word' id='word_1_1' title='bbox 624 505 713 553; x_wconf 83' lang='lat' dir='ltr'>mesu</span> <span class='ocrx_word' id='word_1_2' title='bbox 729 504 1020 553; x_wconf 81' lang='lat' dir='ltr'>aruuuuornmnuu</span> <span class='ocrx_word' id='word_1_3' title='bbox 1266 483 1328 551; x_wconf 79' lang='grc'>161</span> 
     </span>
    </p>
   </div>
   <div class='ocr_carea' id='block_1_2' title="bbox 284 608 1364 4166">
    <p class='ocr_par' dir='ltr' id='par_1_2' title="bbox 284 608 1362 2729">
     <span class='ocr_line' id='line_1_2' title="bbox 333 608 1354 700; baseline 0.001 -22"><span class='ocrx_word' id='word_1_4' title='bbox 333 610 404 688; x_wconf 78' lang='lat' dir='ltr'>ria,</span> <span class='ocrx_word' id='word_1_5' title='bbox 419 608 621 697; x_wconf 81' lang='lat' dir='ltr'>Indulgentia</span> <span class='ocrx_word' id='word_1_6' title='bbox 637 613 780 700; x_wconf 89' lang='lat' dir='ltr'>plenaria</span> <span class='ocrx_word' id='word_1_7' title='bbox 796 613 980 700; x_wconf 76' lang='lat' dir='ltr'><strong>acquiratur</strong></span> <span class='ocrx_word' id='word_1_8' title='bbox 995 613 1027 677; x_wconf 97' lang='lat' dir='ltr'>in</span> <span class='ocrx_word' id='word_1_9' title='bbox 1044 610 1190 677; x_wconf 85' lang='lat' dir='ltr'>omnibus</span> <span class='ocrx_word' id='word_1_10' title='bbox 1202 609 1354 679; x_wconf 89' lang='lat' dir='ltr'>Ecclesiis</span> 
     </span>
     <span class='ocr_line' id='line_1_3' title="bbox 333 698 1015 779; baseline 0.001 -13"><span class='ocrx_word' id='word_1_11' title='bbox 333 701 442 767; x_wconf 81' lang='lat' dir='ltr'><strong>nostri</strong></span> <span class='ocrx_word' id='word_1_12' title='bbox 464 698 602 779; x_wconf 86' lang='lat' dir='ltr'>Ordinis,</span> <span class='ocrx_word' id='word_1_13' title='bbox 625 700 732 770; x_wconf 81' lang='lat' dir='ltr'><strong>adnot.</strong></span> <span class='ocrx_word' id='word_1_14' title='bbox 757 703 797 769; x_wconf 83' lang='grc'>19</span> <span class='ocrx_word' id='word_1_15' title='bbox 820 702 898 769; x_wconf 81' lang='lat' dir='ltr'>Nou.</span> <span class='ocrx_word' id='word_1_16' title='bbox 921 723 953 767; x_wconf 92' lang='grc'>5.</span> <span class='ocrx_word' id='word_1_17' title='bbox 976 700 1015 767; x_wconf 91' lang='lat' dir='ltr'>ll.</span> 
     </span>
     <span class='ocr_line' id='line_1_4' title="bbox 288 785 1294 877; baseline -0.004 -21"><span class='ocrx_word' id='word_1_18' title='bbox 288 785 415 877; x_wconf 85' lang='lat' dir='ltr'>Epaeta</span> <span class='ocrx_word' id='word_1_19' title='bbox 438 788 514 875; x_wconf 89' lang='lat' dir='ltr'>quid</span> <span class='ocrx_word' id='word_1_20' title='bbox 536 798 568 857; x_wconf 90' lang='lat' dir='ltr'>et</span> <span class='ocrx_word' id='word_1_21' title='bbox 591 810 653 876; x_wconf 92' lang='lat' dir='ltr'>qua</span> <span class='ocrx_word' id='word_1_22' title='bbox 676 791 799 857; x_wconf 90' lang='lat' dir='ltr'>ratione</span> <span class='ocrx_word' id='word_1_23' title='bbox 821 792 990 867; x_wconf 88' lang='lat' dir='ltr'>invenitur,</span> <span class='ocrx_word' id='word_1_24' title='bbox 1014 810 1041 856; x_wconf 93' lang='lat' dir='ltr'>e.</span> <span class='ocrx_word' id='word_1_25' title='bbox 1067 789 1082 853; x_wconf 95' lang='lat' dir='ltr'>l</span> <span class='ocrx_word' id='word_1_26' title='bbox 1109 809 1140 854; x_wconf 91' lang='lat' dir='ltr'>n.</span> <span class='ocrx_word' id='word_1_27' title='bbox 1164 789 1186 854; x_wconf 85' lang='lat' dir='ltr'>ll</span> <span class='ocrx_word' id='word_1_28' title='bbox 1209 794 1240 853; x_wconf 91' lang='lat' dir='ltr'>et</span> <span class='ocrx_word' id='word_1_29' title='bbox 1265 786 1294 853; x_wconf 85' lang='lat'>5.</span> 
     </span>
     <span class='ocr_line' id='line_1_5' title="bbox 289 874 1355 965; baseline -0.006 -20"><span class='ocrx_word' id='word_1_30' title='bbox 289 877 481 965; x_wconf 90' lang='lat' dir='ltr'>Epiphania.</span> <span class='ocrx_word' id='word_1_31' title='bbox 509 877 807 947; x_wconf 77' lang='lat' dir='ltr'>Animadversiones</span> <span class='ocrx_word' id='word_1_32' title='bbox 828 882 862 946; x_wconf 92' lang='lat' dir='ltr'>in</span> <span class='ocrx_word' id='word_1_33' title='bbox 885 879 904 945; x_wconf 93' lang='grc'><strong>6</strong></span> <span class='ocrx_word' id='word_1_34' title='bbox 928 878 998 945; x_wconf 90' lang='grc'><strong>155.</strong></span> <span class='ocrx_word' id='word_1_35' title='bbox 1022 877 1084 943; x_wconf 82' lang='grc'>655</span> <span class='ocrx_word' id='word_1_36' title='bbox 1114 877 1280 943; x_wconf 90' lang='lat' dir='ltr'>omittatur</span> <span class='ocrx_word' id='word_1_37' title='bbox 1304 874 1355 940; x_wconf 91' lang='lat' dir='ltr'>ln·</span> 
     </span>
     <span class='ocr_line' id='line_1_6' title="bbox 332 964 1356 1056; baseline -0.003 -24"><span class='ocrx_word' id='word_1_38' title='bbox 332 968 520 1033; x_wconf 77' lang='lat' dir='ltr'>vitatorium</span> <span class='ocrx_word' id='word_1_39' title='bbox 545 974 585 1033; x_wconf 87' lang='lat' dir='ltr'>et</span> <span class='ocrx_word' id='word_1_40' title='bbox 607 967 771 1056; x_wconf 72' lang='lat' dir='ltr'>Hymnus,</span> <span class='ocrx_word' id='word_1_41' title='bbox 802 989 860 1035; x_wconf 89' lang='grc'>555</span> <span class='ocrx_word' id='word_1_42' title='bbox 890 988 954 1034; x_wconf 93' lang='grc'>555</span> <span class='ocrx_word' id='word_1_43' title='bbox 976 966 1112 1053; x_wconf 79' lang='lat' dir='ltr'>Allelujc</span> <span class='ocrx_word' id='word_1_44' title='bbox 1136 965 1177 1031; x_wconf 92' lang='lat' dir='ltr'>ad</span> <span class='ocrx_word' id='word_1_45' title='bbox 1199 964 1229 1051; x_wconf 74' lang='lat' dir='ltr'>d.</span> <span class='ocrx_word' id='word_1_46' title='bbox 1260 964 1356 1030; x_wconf 86' lang='lat' dir='ltr'>breve</span> 
     </span>
     <span class='ocr_line' id='line_1_7' title="bbox 332 1050 1355 1143; baseline -0.004 -22"><span class='ocrx_word' id='word_1_47' title='bbox 332 1053 452 1121; x_wconf 81' lang='lat' dir='ltr'>Prima</span> <span class='ocrx_word' id='word_1_48' title='bbox 474 1063 507 1121; x_wconf 91' lang='lat' dir='ltr'>et</span> <span class='ocrx_word' id='word_1_49' title='bbox 529 1054 756 1143; x_wconf 71' lang='lat' dir='ltr'>completorii,</span> <span class='ocrx_word' id='word_1_50' title='bbox 779 1077 851 1143; x_wconf 82' lang='lat' dir='ltr'>pag.</span> <span class='ocrx_word' id='word_1_51' title='bbox 876 1057 939 1122; x_wconf 88' lang='grc'>156</span> <span class='ocrx_word' id='word_1_52' title='bbox 963 1056 996 1121; x_wconf 91' lang='grc'>15</span> <span class='ocrx_word' id='word_1_53' title='bbox 1019 1063 1104 1121; x_wconf 86' lang='grc'><strong>5515.</strong></span> <span class='ocrx_word' id='word_1_54' title='bbox 1128 1055 1176 1120; x_wconf 81' lang='lat' dir='ltr'>dn</span> <span class='ocrx_word' id='word_1_55' title='bbox 1207 1051 1289 1118; x_wconf 87' lang='lat' dir='ltr'>inira</span> <span class='ocrx_word' id='word_1_56' title='bbox 1313 1050 1355 1118; x_wconf 88' lang='lat'>0-</span> 
     </span>
     <span class='ocr_line' id='line_1_8' title="bbox 333 1141 1357 1232; baseline -0.004 -23"><span class='ocrx_word' id='word_1_57' title='bbox 333 1151 461 1210; x_wconf 84' lang='lat' dir='ltr'>ctaram</span> <span class='ocrx_word' id='word_1_58' title='bbox 492 1143 674 1231; x_wconf 73' lang='lat' dir='ltr'>Epiphaniae</span> <span class='ocrx_word' id='word_1_59' title='bbox 704 1146 833 1212; x_wconf 88' lang='lat' dir='ltr'>recitari</span> <span class='ocrx_word' id='word_1_60' title='bbox 863 1146 966 1232; x_wconf 93' lang='lat' dir='ltr'>possit</span> <span class='ocrx_word' id='word_1_61' title='bbox 996 1142 1141 1210; x_wconf 76' lang='lat' dir='ltr'>Officium</span> <span class='ocrx_word' id='word_1_62' title='bbox 1174 1142 1213 1208; x_wconf 93' lang='lat' dir='ltr'>de</span> <span class='ocrx_word' id='word_1_63' title='bbox 1245 1141 1357 1227; x_wconf 86' lang='lat' dir='ltr'>quovis</span> 
     </span>
     <span class='ocr_line' id='line_1_9' title="bbox 332 1230 1205 1320; baseline -0.001 -23"><span class='ocrx_word' id='word_1_64' title='bbox 332 1230 431 1298; x_wconf 78' lang='lat' dir='ltr'>Festo</span> <span class='ocrx_word' id='word_1_65' title='bbox 455 1231 573 1318; x_wconf 81' lang='lat' dir='ltr'>duplici</span> <span class='ocrx_word' id='word_1_66' title='bbox 595 1234 707 1320; x_wconf 77' lang='lat' dir='ltr'>primae</span> <span class='ocrx_word' id='word_1_67' title='bbox 730 1235 856 1311; x_wconf 91' lang='lat' dir='ltr'>classis,</span> <span class='ocrx_word' id='word_1_68' title='bbox 880 1254 950 1320; x_wconf 82' lang='lat' dir='ltr'>pag.</span> <span class='ocrx_word' id='word_1_69' title='bbox 978 1232 1039 1298; x_wconf 77' lang='lat'>155</span> <span class='ocrx_word' id='word_1_70' title='bbox 1063 1233 1095 1297; x_wconf 92' lang='lat' dir='ltr'>in</span> <span class='ocrx_word' id='word_1_71' title='bbox 1120 1239 1205 1297; x_wconf 90' lang='lat' dir='ltr'>nota.</span> 
     </span>
     <span class='ocr_line' id='line_1_10' title="bbox 284 1317 1357 1409; baseline -0.005 -22"><span class='ocrx_word' id='word_1_72' title='bbox 284 1317 468 1408; x_wconf 80' lang='lat' dir='ltr'>Episcopus</span> <span class='ocrx_word' id='word_1_73' title='bbox 485 1321 599 1387; x_wconf 82' lang='lat' dir='ltr'><strong>absens</strong></span> <span class='ocrx_word' id='word_1_74' title='bbox 623 1342 641 1387; x_wconf 92' lang='lat' dir='ltr'>a</span> <span class='ocrx_word' id='word_1_75' title='bbox 664 1325 793 1409; x_wconf 90' lang='lat' dir='ltr'>propria</span> <span class='ocrx_word' id='word_1_76' title='bbox 818 1323 970 1398; x_wconf 79' lang='lat' dir='ltr'>Ecclesia,</span> <span class='ocrx_word' id='word_1_77' title='bbox 988 1340 1133 1406; x_wconf 82' lang='lat' dir='ltr'>quanam</span> <span class='ocrx_word' id='word_1_78' title='bbox 1150 1319 1257 1385; x_wconf 82' lang='grc'><strong>016515</strong></span> <span class='ocrx_word' id='word_1_79' title='bbox 1278 1318 1357 1383; x_wconf 89' lang='grc'><strong>5551·</strong></span> 
     </span>
     <span class='ocr_line' id='line_1_11' title="bbox 337 1407 1360 1493; baseline -0.002 -18"><span class='ocrx_word' id='word_1_80' title='bbox 337 1418 409 1475; x_wconf 88' lang='grc'><strong>1555</strong></span> <span class='ocrx_word' id='word_1_81' title='bbox 425 1407 549 1486; x_wconf 86' lang='lat' dir='ltr'>debeat,</span> <span class='ocrx_word' id='word_1_82' title='bbox 567 1413 631 1476; x_wconf 79' lang='grc'>55</span> <span class='ocrx_word' id='word_1_83' title='bbox 655 1432 686 1477; x_wconf 94' lang='grc'>5.</span> <span class='ocrx_word' id='word_1_84' title='bbox 704 1412 734 1477; x_wconf 97' lang='grc'>6.</span> <span class='ocrx_word' id='word_1_85' title='bbox 758 1412 806 1478; x_wconf 82' lang='lat' dir='ltr'>An</span> <span class='ocrx_word' id='word_1_86' title='bbox 830 1412 862 1477; x_wconf 95' lang='lat' dir='ltr'>in</span> <span class='ocrx_word' id='word_1_87' title='bbox 886 1409 1049 1476; x_wconf 87' lang='lat' dir='ltr'>Dominiea</span> <span class='ocrx_word' id='word_1_88' title='bbox 1073 1409 1241 1493; x_wconf 80' lang='lat' dir='ltr'>adsignare</span> <span class='ocrx_word' id='word_1_89' title='bbox 1265 1414 1360 1493; x_wconf 90' lang='lat' dir='ltr'>queat</span> 
     </span>
     <span class='ocr_line' id='line_1_12' title="bbox 336 1494 1357 1585; baseline -0.005 -21"><span class='ocrx_word' id='word_1_90' title='bbox 336 1496 485 1564; x_wconf 84' lang='lat' dir='ltr'>Officium</span> <span class='ocrx_word' id='word_1_91' title='bbox 507 1499 646 1584; x_wconf 87' lang='lat' dir='ltr'>aliquod,</span> <span class='ocrx_word' id='word_1_92' title='bbox 663 1520 690 1566; x_wconf 90' lang='lat' dir='ltr'>c.</span> <span class='ocrx_word' id='word_1_93' title='bbox 708 1499 728 1565; x_wconf 98' lang='grc'><strong>6</strong></span> <span class='ocrx_word' id='word_1_94' title='bbox 751 1522 782 1567; x_wconf 93' lang='lat' dir='ltr'>n.</span> <span class='ocrx_word' id='word_1_95' title='bbox 800 1500 830 1567; x_wconf 95' lang='grc'>6.</span> <span class='ocrx_word' id='word_1_96' title='bbox 848 1497 932 1580; x_wconf 91' lang='lat' dir='ltr'>Quas</span> <span class='ocrx_word' id='word_1_97' title='bbox 953 1519 1065 1585; x_wconf 88' lang='lat' dir='ltr'>preces</span> <span class='ocrx_word' id='word_1_98' title='bbox 1081 1497 1256 1583; x_wconf 89' lang='lat' dir='ltr'>Episcopus</span> <span class='ocrx_word' id='word_1_99' title='bbox 1278 1494 1357 1560; x_wconf 91' lang='lat' dir='ltr'>indi·</span> 
     </span>
     <span class='ocr_line' id='line_1_13' title="bbox 335 1583 1358 1673; baseline -0.004 -21"><span class='ocrx_word' id='word_1_100' title='bbox 335 1605 411 1653; x_wconf 89' lang='lat' dir='ltr'>cere</span> <span class='ocrx_word' id='word_1_101' title='bbox 427 1594 535 1673; x_wconf 91' lang='lat' dir='ltr'>potest</span> <span class='ocrx_word' id='word_1_102' title='bbox 549 1588 633 1654; x_wconf 91' lang='grc'><strong>15155</strong></span> <span class='ocrx_word' id='word_1_103' title='bbox 649 1588 776 1654; x_wconf 86' lang='lat' dir='ltr'>Missam</span> <span class='ocrx_word' id='word_1_104' title='bbox 800 1588 992 1664; x_wconf 87' lang='lat' dir='ltr'>recitandas,</span> <span class='ocrx_word' id='word_1_105' title='bbox 1009 1608 1036 1653; x_wconf 91' lang='lat' dir='ltr'>e.</span> <span class='ocrx_word' id='word_1_106' title='bbox 1055 1587 1074 1652; x_wconf 84' lang='grc'><strong>9</strong></span> <span class='ocrx_word' id='word_1_107' title='bbox 1092 1608 1122 1653; x_wconf 91' lang='lat' dir='ltr'>n.</span> <span class='ocrx_word' id='word_1_108' title='bbox 1141 1587 1159 1650; x_wconf 89' lang='grc'>5</span> <span class='ocrx_word' id='word_1_109' title='bbox 1177 1585 1235 1651; x_wconf 83' lang='grc'>556</span> <span class='ocrx_word' id='word_1_110' title='bbox 1253 1583 1358 1649; x_wconf 84' lang='lat' dir='ltr'>tinem.</span> 
     </span>
     <span class='ocr_line' id='line_1_14' title="bbox 333 1672 1357 1763; baseline -0.003 -22"><span class='ocrx_word' id='word_1_111' title='bbox 333 1673 414 1755; x_wconf 91' lang='lat' dir='ltr'>Quis</span> <span class='ocrx_word' id='word_1_112' title='bbox 436 1674 593 1762; x_wconf 79' lang='lat' dir='ltr'>Episcopo</span> <span class='ocrx_word' id='word_1_113' title='bbox 625 1679 657 1742; x_wconf 93' lang='lat' dir='ltr'>in</span> <span class='ocrx_word' id='word_1_114' title='bbox 687 1678 836 1762; x_wconf 79' lang='lat' dir='ltr'>ingressu</span> <span class='ocrx_word' id='word_1_115' title='bbox 858 1677 1012 1743; x_wconf 74' lang='lat' dir='ltr'>Ecclesiae</span> <span class='ocrx_word' id='word_1_116' title='bbox 1044 1676 1210 1763; x_wconf 80' lang='lat' dir='ltr'>porrigere</span> <span class='ocrx_word' id='word_1_117' title='bbox 1242 1672 1357 1738; x_wconf 86' lang='lat' dir='ltr'>debeat</span> 
     </span>
     <span class='ocr_line' id='line_1_15' title="bbox 332 1760 1357 1853; baseline -0.002 -23"><span class='ocrx_word' id='word_1_118' title='bbox 332 1766 562 1850; x_wconf 85' lang='lat' dir='ltr'>aspersorium,</span> <span class='ocrx_word' id='word_1_119' title='bbox 586 1765 693 1833; x_wconf 93' lang='lat' dir='ltr'>adnot.</span> <span class='ocrx_word' id='word_1_120' title='bbox 717 1766 759 1831; x_wconf 86' lang='grc'>65</span> <span class='ocrx_word' id='word_1_121' title='bbox 783 1767 858 1853; x_wconf 84' lang='lat' dir='ltr'>dpr.</span> <span class='ocrx_word' id='word_1_122' title='bbox 884 1788 914 1832; x_wconf 94' lang='lat' dir='ltr'>n.</span> <span class='ocrx_word' id='word_1_123' title='bbox 940 1765 988 1831; x_wconf 93' lang='lat' dir='ltr'>Vl.</span> <span class='ocrx_word' id='word_1_124' title='bbox 1013 1766 1062 1831; x_wconf 85' lang='lat' dir='ltr'>dd</span> <span class='ocrx_word' id='word_1_125' title='bbox 1085 1784 1195 1829; x_wconf 89' lang='lat' dir='ltr'>saeros</span> <span class='ocrx_word' id='word_1_126' title='bbox 1220 1760 1357 1828; x_wconf 85' lang='lat' dir='ltr'>Ordines</span> 
     </span>
     <span class='ocr_line' id='line_1_16' title="bbox 333 1850 1358 1940; baseline -0.002 -21"><span class='ocrx_word' id='word_1_127' title='bbox 333 1851 547 1919; x_wconf 78' lang='lat' dir='ltr'>conferendos</span> <span class='ocrx_word' id='word_1_128' title='bbox 562 1874 732 1940; x_wconf 89' lang='lat' dir='ltr'>quamnam</span> <span class='ocrx_word' id='word_1_129' title='bbox 749 1855 878 1921; x_wconf 90' lang='lat' dir='ltr'>llissam</span> <span class='ocrx_word' id='word_1_130' title='bbox 895 1854 1008 1921; x_wconf 90' lang='lat' dir='ltr'>debeat</span> <span class='ocrx_word' id='word_1_131' title='bbox 1024 1853 1197 1928; x_wconf 86' lang='lat' dir='ltr'>celebrare,</span> <span class='ocrx_word' id='word_1_132' title='bbox 1210 1858 1243 1916; x_wconf 89' lang='lat' dir='ltr'>et</span> <span class='ocrx_word' id='word_1_133' title='bbox 1259 1850 1358 1936; x_wconf 93' lang='lat' dir='ltr'>quod·</span> 
     </span>
     <span class='ocr_line' id='line_1_17' title="bbox 332 1940 1357 2030; baseline -0.001 -24"><span class='ocrx_word' id='word_1_134' title='bbox 332 1960 409 2007; x_wconf 92' lang='lat' dir='ltr'>nam</span> <span class='ocrx_word' id='word_1_135' title='bbox 432 1940 630 2010; x_wconf 76' lang='lat' dir='ltr'>Nocturnum</span> <span class='ocrx_word' id='word_1_136' title='bbox 653 1945 808 2030; x_wconf 90' lang='lat' dir='ltr'>promotis</span> <span class='ocrx_word' id='word_1_137' title='bbox 832 1943 872 2010; x_wconf 93' lang='lat' dir='ltr'>ad</span> <span class='ocrx_word' id='word_1_138' title='bbox 895 1942 1165 2009; x_wconf 87' lang='lat' dir='ltr'>Subdiaconatum</span> <span class='ocrx_word' id='word_1_139' title='bbox 1189 1948 1223 2006; x_wconf 91' lang='lat' dir='ltr'>et</span> <span class='ocrx_word' id='word_1_140' title='bbox 1245 1940 1357 2006; x_wconf 86' lang='lat' dir='ltr'>lliaeo·</span> 
     </span>
     <span class='ocr_line' id='line_1_18' title="bbox 332 2028 1358 2117; baseline 0 -22"><span class='ocrx_word' id='word_1_141' title='bbox 332 2037 447 2096; x_wconf 93' lang='lat' dir='ltr'>natum</span> <span class='ocrx_word' id='word_1_142' title='bbox 468 2032 644 2117; x_wconf 80' lang='lat' dir='ltr'>injungere,</span> <span class='ocrx_word' id='word_1_143' title='bbox 668 2041 776 2099; x_wconf 91' lang='lat' dir='ltr'>annot.</span> <span class='ocrx_word' id='word_1_144' title='bbox 800 2033 832 2098; x_wconf 94' lang='lat' dir='ltr'>in</span> <span class='ocrx_word' id='word_1_145' title='bbox 854 2031 979 2097; x_wconf 88' lang='lat' dir='ltr'>Domin.</span> <span class='ocrx_word' id='word_1_146' title='bbox 998 2040 1029 2096; x_wconf 91' lang='lat' dir='ltr'>et</span> <span class='ocrx_word' id='word_1_147' title='bbox 1045 2031 1154 2096; x_wconf 79' lang='lat' dir='ltr'>llerias</span> <span class='ocrx_word' id='word_1_148' title='bbox 1172 2028 1260 2115; x_wconf 91' lang='lat' dir='ltr'>Sept.</span> <span class='ocrx_word' id='word_1_149' title='bbox 1277 2049 1308 2095; x_wconf 93' lang='grc'>5.</span> <span class='ocrx_word' id='word_1_150' title='bbox 1326 2030 1358 2095; x_wconf 94' lang='grc'>6.</span> 
     </span>
     <span class='ocr_line' id='line_1_19' title="bbox 332 2114 1358 2204; baseline 0 -22"><span class='ocrx_word' id='word_1_151' title='bbox 332 2116 414 2183; x_wconf 89' lang='lat' dir='ltr'>Vide</span> <span class='ocrx_word' id='word_1_152' title='bbox 428 2119 681 2187; x_wconf 81' lang='lat' dir='ltr'>Aoniocrsorium</span> <span class='ocrx_word' id='word_1_153' title='bbox 696 2120 858 2187; x_wconf 81' lang='lat' dir='ltr'>Electionis</span> <span class='ocrx_word' id='word_1_154' title='bbox 873 2141 927 2185; x_wconf 87' lang='lat' dir='ltr'>seu</span> <span class='ocrx_word' id='word_1_155' title='bbox 946 2118 1185 2185; x_wconf 81' lang='lat' dir='ltr'>Consecrctiooa‘s</span> <span class='ocrx_word' id='word_1_156' title='bbox 1200 2114 1358 2204; x_wconf 81' lang='lat' dir='ltr'>Episcopi.</span> 
     </span>
     <span class='ocr_line' id='line_1_20' title="bbox 289 2205 1362 2296; baseline -0.006 -22"><span class='ocrx_word' id='word_1_157' title='bbox 289 2205 437 2296; x_wconf 92' lang='lat' dir='ltr'>Epistola</span> <span class='ocrx_word' id='word_1_158' title='bbox 460 2210 662 2294; x_wconf 91' lang='lat' dir='ltr'>quandonam</span> <span class='ocrx_word' id='word_1_159' title='bbox 686 2217 834 2276; x_wconf 89' lang='lat' dir='ltr'>censetur</span> <span class='ocrx_word' id='word_1_160' title='bbox 857 2209 998 2296; x_wconf 90' lang='lat' dir='ltr'>propria,</span> <span class='ocrx_word' id='word_1_161' title='bbox 1023 2214 1130 2272; x_wconf 90' lang='lat' dir='ltr'>annot.</span> <span class='ocrx_word' id='word_1_162' title='bbox 1154 2205 1193 2269; x_wconf 93' lang='lat' dir='ltr'>de</span> <span class='ocrx_word' id='word_1_163' title='bbox 1216 2214 1362 2292; x_wconf 90' lang='lat' dir='ltr'>tempore</span> 
     </span>
     <span class='ocr_line' id='line_1_21' title="bbox 332 2292 1360 2385; baseline -0.004 -24"><span class='ocrx_word' id='word_1_164' title='bbox 332 2294 484 2363; x_wconf 89' lang='lat' dir='ltr'>Paschali</span> <span class='ocrx_word' id='word_1_165' title='bbox 505 2319 536 2363; x_wconf 92' lang='lat' dir='ltr'>u.</span> <span class='ocrx_word' id='word_1_166' title='bbox 563 2300 613 2364; x_wconf 78' lang='grc'>15.</span> <span class='ocrx_word' id='word_1_167' title='bbox 641 2296 773 2378; x_wconf 80' lang='lat' dir='ltr'>Quando</span> <span class='ocrx_word' id='word_1_168' title='bbox 796 2299 906 2385; x_wconf 92' lang='lat' dir='ltr'>plures</span> <span class='ocrx_word' id='word_1_169' title='bbox 929 2297 1046 2363; x_wconf 88' lang='lat' dir='ltr'>adsunt</span> <span class='ocrx_word' id='word_1_170' title='bbox 1068 2292 1231 2381; x_wconf 80' lang='lat' dir='ltr'>Epistole,</span> <span class='ocrx_word' id='word_1_171' title='bbox 1255 2312 1273 2358; x_wconf 93' lang='lat' dir='ltr'>a</span> <span class='ocrx_word' id='word_1_172' title='bbox 1298 2313 1360 2379; x_wconf 92' lang='lat' dir='ltr'>quo</span> 
     </span>
     <span class='ocr_line' id='line_1_22' title="bbox 334 2381 1356 2465; baseline -0.003 -13"><span class='ocrx_word' id='word_1_173' title='bbox 334 2384 401 2452; x_wconf 92' lang='lat' dir='ltr'>sint</span> <span class='ocrx_word' id='word_1_174' title='bbox 425 2387 574 2453; x_wconf 79' lang='lat' dir='ltr'>canende</span> <span class='ocrx_word' id='word_1_175' title='bbox 597 2388 629 2455; x_wconf 92' lang='grc'>15</span> <span class='ocrx_word' id='word_1_176' title='bbox 652 2387 748 2454; x_wconf 88' lang='lat' dir='ltr'>llissa</span> <span class='ocrx_word' id='word_1_177' title='bbox 771 2388 917 2465; x_wconf 88' lang='lat' dir='ltr'>solemni,</span> <span class='ocrx_word' id='word_1_178' title='bbox 941 2394 1047 2454; x_wconf 91' lang='lat' dir='ltr'>annot.</span> <span class='ocrx_word' id='word_1_179' title='bbox 1065 2386 1097 2451; x_wconf 94' lang='lat' dir='ltr'>in</span> <span class='ocrx_word' id='word_1_180' title='bbox 1119 2381 1236 2464; x_wconf 89' lang='lat' dir='ltr'>Quadr.</span> <span class='ocrx_word' id='word_1_181' title='bbox 1255 2402 1285 2448; x_wconf 90' lang='lat' dir='ltr'>n.</span> <span class='ocrx_word' id='word_1_182' title='bbox 1304 2382 1356 2449; x_wconf 90' lang='grc'>15.</span> 
     </span>
     <span class='ocr_line' id='line_1_23' title="bbox 333 2471 1356 2564; baseline -0.004 -25"><span class='ocrx_word' id='word_1_183' title='bbox 333 2474 384 2540; x_wconf 75' lang='lat' dir='ltr'>dn</span> <span class='ocrx_word' id='word_1_184' title='bbox 418 2476 450 2542; x_wconf 94' lang='lat' dir='ltr'>in</span> <span class='ocrx_word' id='word_1_185' title='bbox 485 2476 581 2542; x_wconf 87' lang='lat' dir='ltr'>Missa</span> <span class='ocrx_word' id='word_1_186' title='bbox 606 2477 739 2564; x_wconf 77' lang='lat' dir='ltr'>Coqoooe&#39;</span> <span class='ocrx_word' id='word_1_187' title='bbox 770 2478 809 2543; x_wconf 92' lang='lat' dir='ltr'>de</span> <span class='ocrx_word' id='word_1_188' title='bbox 839 2477 1004 2543; x_wconf 86' lang='lat' dir='ltr'>Communi</span> <span class='ocrx_word' id='word_1_189' title='bbox 1035 2496 1094 2541; x_wconf 89' lang='lat' dir='ltr'>nee</span> <span class='ocrx_word' id='word_1_190' title='bbox 1122 2471 1262 2555; x_wconf 78' lang='lat' dir='ltr'>Virginis</span> <span class='ocrx_word' id='word_1_191' title='bbox 1297 2492 1356 2536; x_wconf 90' lang='lat' dir='ltr'>nee</span> 
     </span>
     <span class='ocr_line' id='line_1_24' title="bbox 335 2560 1354 2654; baseline -0.003 -25"><span class='ocrx_word' id='word_1_192' title='bbox 335 2563 496 2652; x_wconf 83' lang='lat' dir='ltr'>Martyris,</span> <span class='ocrx_word' id='word_1_193' title='bbox 520 2568 647 2633; x_wconf 86' lang='lat' dir='ltr'>recitari</span> <span class='ocrx_word' id='word_1_194' title='bbox 671 2576 767 2652; x_wconf 85' lang='lat' dir='ltr'>queat</span> <span class='ocrx_word' id='word_1_195' title='bbox 789 2587 847 2654; x_wconf 91' lang='lat' dir='ltr'>pro</span> <span class='ocrx_word' id='word_1_196' title='bbox 871 2567 974 2632; x_wconf 90' lang='lat' dir='ltr'>lubitu</span> <span class='ocrx_word' id='word_1_197' title='bbox 998 2564 1138 2651; x_wconf 91' lang='lat' dir='ltr'>Epistola</span> <span class='ocrx_word' id='word_1_198' title='bbox 1162 2560 1275 2625; x_wconf 86' lang='lat' dir='ltr'>Viduas</span> <span class='ocrx_word' id='word_1_199' title='bbox 1302 2561 1354 2626; x_wconf 82' lang='grc'><strong>155·</strong></span> 
     </span>
     <span class='ocr_line' id='line_1_25' title="bbox 335 2653 740 2729; baseline 0.012 -13"><span class='ocrx_word' id='word_1_200' title='bbox 335 2673 426 2729; x_wconf 84' lang='grc'><strong>5555,</strong></span> <span class='ocrx_word' id='word_1_201' title='bbox 450 2653 557 2720; x_wconf 92' lang='lat' dir='ltr'>adnot.</span> <span class='ocrx_word' id='word_1_202' title='bbox 582 2656 620 2721; x_wconf 88' lang='lat' dir='ltr'>ll</span> <span class='ocrx_word' id='word_1_203' title='bbox 647 2655 740 2722; x_wconf 86' lang='lat' dir='ltr'>Mart.</span> 
     </span>
    </p>

    <p class='ocr_par' dir='ltr' id='par_1_3' title="bbox 290 2736 1360 3088">
     <span class='ocr_line' id='line_1_26' title="bbox 291 2736 1358 2830; baseline -0.003 -25"><span class='ocrx_word' id='word_1_204' title='bbox 291 2736 482 2808; x_wconf 88' lang='lat' dir='ltr'>Eustachius</span> <span class='ocrx_word' id='word_1_205' title='bbox 504 2741 561 2830; x_wconf 84' lang='lat' dir='ltr'>(S.)</span> <span class='ocrx_word' id='word_1_206' title='bbox 578 2743 618 2810; x_wconf 87' lang='lat' dir='ltr'>ll.</span> <span class='ocrx_word' id='word_1_207' title='bbox 643 2744 696 2809; x_wconf 90' lang='lat' dir='ltr'>ubi</span> <span class='ocrx_word' id='word_1_208' title='bbox 719 2752 768 2810; x_wconf 91' lang='lat' dir='ltr'>est</span> <span class='ocrx_word' id='word_1_209' title='bbox 791 2744 949 2810; x_wconf 89' lang='lat' dir='ltr'>Patronus</span> <span class='ocrx_word' id='word_1_210' title='bbox 972 2742 1022 2807; x_wconf 90' lang='lat' dir='ltr'>vel</span> <span class='ocrx_word' id='word_1_211' title='bbox 1045 2738 1208 2814; x_wconf 85' lang='lat' dir='ltr'>Titularis,</span> <span class='ocrx_word' id='word_1_212' title='bbox 1225 2756 1287 2824; x_wconf 92' lang='lat' dir='ltr'>qua</span> <span class='ocrx_word' id='word_1_213' title='bbox 1308 2756 1358 2804; x_wconf 89' lang='lat' dir='ltr'>ra·</span> 
     </span>
     <span class='ocr_line' id='line_1_27' title="bbox 335 2825 1308 2918; baseline -0.002 -24"><span class='ocrx_word' id='word_1_214' title='bbox 335 2829 423 2895; x_wconf 91' lang='lat' dir='ltr'>tione</span> <span class='ocrx_word' id='word_1_215' title='bbox 446 2830 611 2898; x_wconf 90' lang='lat' dir='ltr'>ordinatur</span> <span class='ocrx_word' id='word_1_216' title='bbox 634 2832 702 2918; x_wconf 76' lang='grc'><strong>5155</strong></span> <span class='ocrx_word' id='word_1_217' title='bbox 725 2831 881 2908; x_wconf 84' lang='lat' dir='ltr'>Officium,</span> <span class='ocrx_word' id='word_1_218' title='bbox 905 2831 1011 2898; x_wconf 89' lang='lat' dir='ltr'>adnot.</span> <span class='ocrx_word' id='word_1_219' title='bbox 1035 2829 1078 2894; x_wconf 85' lang='grc'><strong>60</strong></span> <span class='ocrx_word' id='word_1_220' title='bbox 1102 2827 1189 2914; x_wconf 89' lang='lat' dir='ltr'>Sept.</span> <span class='ocrx_word' id='word_1_221' title='bbox 1214 2848 1244 2893; x_wconf 94' lang='grc'>5.</span> <span class='ocrx_word' id='word_1_222' title='bbox 1268 2825 1308 2892; x_wconf 94' lang='lat' dir='ltr'>ll.</span> 
     </span>
     <span class='ocr_line' id='line_1_28' title="bbox 290 2913 1359 3010; baseline -0.002 -28"><span class='ocrx_word' id='word_1_223' title='bbox 290 2913 502 3004; x_wconf 78' lang='lat' dir='ltr'>Evangelistae</span> <span class='ocrx_word' id='word_1_224' title='bbox 524 2919 599 3010; x_wconf 83' lang='lat' dir='ltr'>(Ss.)</span> <span class='ocrx_word' id='word_1_225' title='bbox 623 2923 860 3008; x_wconf 74' lang='lat' dir='ltr'>aequiparantur</span> <span class='ocrx_word' id='word_1_226' title='bbox 884 2920 1069 3006; x_wconf 77' lang='lat' dir='ltr'>Apostolis,</span> <span class='ocrx_word' id='word_1_227' title='bbox 1100 2924 1297 3004; x_wconf 91' lang='lat' dir='ltr'>quapropter</span> <span class='ocrx_word' id='word_1_228' title='bbox 1331 2916 1359 2980; x_wconf 90' lang='lat' dir='ltr'>si</span> 
     </span>
     <span class='ocr_line' id='line_1_29' title="bbox 333 3004 1360 3088; baseline -0.002 -16"><span class='ocrx_word' id='word_1_229' title='bbox 333 3007 432 3073; x_wconf 90' lang='lat' dir='ltr'>simul</span> <span class='ocrx_word' id='word_1_230' title='bbox 455 3010 519 3075; x_wconf 92' lang='lat' dir='ltr'>sint</span> <span class='ocrx_word' id='word_1_231' title='bbox 542 3009 764 3088; x_wconf 81' lang='lat' dir='ltr'>transferendi,</span> <span class='ocrx_word' id='word_1_232' title='bbox 787 3011 962 3078; x_wconf 89' lang='lat' dir='ltr'>servandus</span> <span class='ocrx_word' id='word_1_233' title='bbox 986 3017 1035 3076; x_wconf 89' lang='grc'>551</span> <span class='ocrx_word' id='word_1_234' title='bbox 1058 3007 1136 3074; x_wconf 91' lang='lat' dir='ltr'>ordo</span> <span class='ocrx_word' id='word_1_235' title='bbox 1159 3004 1360 3080; x_wconf 89' lang='lat' dir='ltr'>Kalendarii,</span> 
     </span>
    </p>

    <p class='ocr_par' dir='ltr' id='par_1_4' title="bbox 334 3093 731 3185">
     <span class='ocr_line' id='line_1_30' title="bbox 334 3093 731 3185; baseline 0.015 -26"><span class='ocrx_word' id='word_1_236' title='bbox 334 3093 445 3161; x_wconf 90' lang='lat' dir='ltr'>adnot.</span> <span class='ocrx_word' id='word_1_237' title='bbox 469 3098 511 3164; x_wconf 89' lang='grc'>65</span> <span class='ocrx_word' id='word_1_238' title='bbox 535 3097 611 3185; x_wconf 87' lang='lat' dir='ltr'>llpr.</span> <span class='ocrx_word' id='word_1_239' title='bbox 636 3118 667 3165; x_wconf 93' lang='grc'>5.</span> <span class='ocrx_word' id='word_1_240' title='bbox 693 3099 731 3165; x_wconf 91' lang='lat' dir='ltr'>ll.</span> 
     </span>
    </p>

    <p class='ocr_par' dir='ltr' id='par_1_5' title="bbox 293 3180 1360 3340">
     <span class='ocr_line' id='line_1_31' title="bbox 293 3180 1360 3340; baseline -0.002 -92"><span class='ocrx_word' id='word_1_241' title='bbox 293 3180 500 3340; x_wconf 54' lang='lat' dir='ltr'><strong>EingeEum</strong></span> <span class='ocrx_word' id='word_1_242' title='bbox 522 3187 648 3274; x_wconf 91' lang='lat' dir='ltr'>quando</span> <span class='ocrx_word' id='word_1_243' title='bbox 665 3196 814 3257; x_wconf 85' lang='lat' dir='ltr'>censetur</span> <span class='ocrx_word' id='word_1_244' title='bbox 837 3188 1014 3277; x_wconf 91' lang='lat' dir='ltr'>proprium,</span> <span class='ocrx_word' id='word_1_245' title='bbox 1030 3192 1138 3252; x_wconf 91' lang='lat' dir='ltr'>annot.</span> <span class='ocrx_word' id='word_1_246' title='bbox 1157 3183 1196 3250; x_wconf 94' lang='lat' dir='ltr'>de</span> <span class='ocrx_word' id='word_1_247' title='bbox 1215 3191 1360 3268; x_wconf 89' lang='lat' dir='ltr'>tempore</span> 
     </span>
    </p>

    <p class='ocr_par' dir='ltr' id='par_1_6' title="bbox 364 3276 618 3344">
     <span class='ocr_line' id='line_1_32' title="bbox 364 3276 618 3344; baseline 0.02 -6"><span class='ocrx_word' id='word_1_248' title='bbox 364 3292 420 3338; x_wconf 91' lang='lat' dir='ltr'>ase</span> <span class='ocrx_word' id='word_1_249' title='bbox 445 3276 486 3344; x_wconf 92' lang='lat' dir='ltr'>ali</span> <span class='ocrx_word' id='word_1_250' title='bbox 509 3297 540 3341; x_wconf 93' lang='lat' dir='ltr'>n.</span> <span class='ocrx_word' id='word_1_251' title='bbox 566 3277 618 3343; x_wconf 75' lang='lat' dir='ltr'>ld.</span> 
     </span>
    </p>

    <p class='ocr_par' dir='ltr' id='par_1_7' title="bbox 294 3355 1362 3540">
     <span class='ocr_line' id='line_1_33' title="bbox 294 3355 1361 3452; baseline -0.005 -27"><span class='ocrx_word' id='word_1_252' title='bbox 294 3356 444 3448; x_wconf 83' lang='lat' dir='ltr'>Exequiae</span> <span class='ocrx_word' id='word_1_253' title='bbox 460 3365 618 3431; x_wconf 90' lang='lat' dir='ltr'>solemnes</span> <span class='ocrx_word' id='word_1_254' title='bbox 635 3364 749 3452; x_wconf 88' lang='lat' dir='ltr'>quihus</span> <span class='ocrx_word' id='word_1_255' title='bbox 766 3364 877 3432; x_wconf 88' lang='lat' dir='ltr'>diebus</span> <span class='ocrx_word' id='word_1_256' title='bbox 892 3360 1112 3450; x_wconf 87' lang='lat' dir='ltr'>prohibentur,</span> <span class='ocrx_word' id='word_1_257' title='bbox 1129 3357 1236 3424; x_wconf 89' lang='lat' dir='ltr'>adnot.</span> <span class='ocrx_word' id='word_1_258' title='bbox 1254 3355 1361 3422; x_wconf 89' lang='grc'><strong>6155.</strong></span> 
     </span>
     <span class='ocr_line' id='line_1_34' title="bbox 335 3443 1362 3540; baseline -0.011 -20"><span class='ocrx_word' id='word_1_259' title='bbox 335 3470 370 3516; x_wconf 91' lang='lat' dir='ltr'>n.</span> <span class='ocrx_word' id='word_1_260' title='bbox 383 3449 420 3516; x_wconf 91' lang='lat' dir='ltr'>V.</span> <span class='ocrx_word' id='word_1_261' title='bbox 435 3450 599 3531; x_wconf 82' lang='lat' dir='ltr'>Quomodo</span> <span class='ocrx_word' id='word_1_262' title='bbox 612 3453 689 3521; x_wconf 89' lang='lat' dir='ltr'>liant</span> <span class='ocrx_word' id='word_1_263' title='bbox 700 3454 905 3540; x_wconf 88' lang='lat' dir='ltr'>repetitiones</span> <span class='ocrx_word' id='word_1_264' title='bbox 918 3451 950 3517; x_wconf 94' lang='grc'>15</span> <span class='ocrx_word' id='word_1_265' title='bbox 962 3449 992 3535; x_wconf 76' lang='lat' dir='ltr'>il.</span> <span class='ocrx_word' id='word_1_266' title='bbox 1004 3448 1175 3522; x_wconf 79' lang='lat' dir='ltr'>Subvenite,</span> <span class='ocrx_word' id='word_1_267' title='bbox 1189 3467 1216 3512; x_wconf 93' lang='lat' dir='ltr'>e.</span> <span class='ocrx_word' id='word_1_268' title='bbox 1230 3447 1249 3511; x_wconf 88' lang='grc'>7</span> <span class='ocrx_word' id='word_1_269' title='bbox 1262 3465 1293 3510; x_wconf 93' lang='lat' dir='ltr'>n.</span> <span class='ocrx_word' id='word_1_270' title='bbox 1309 3443 1362 3510; x_wconf 89' lang='grc'>16.</span> 
     </span>
    </p>

    <p class='ocr_par' dir='ltr' id='par_1_8' title="bbox 293 3532 1364 3984">
     <span class='ocr_line' id='line_1_35' title="bbox 293 3532 1364 3625; baseline -0.005 -21"><span class='ocrx_word' id='word_1_271' title='bbox 293 3535 535 3625; x_wconf 87' lang='lat' dir='ltr'>Expectationis</span> <span class='ocrx_word' id='word_1_272' title='bbox 565 3543 679 3610; x_wconf 89' lang='lat' dir='ltr'>Partus</span> <span class='ocrx_word' id='word_1_273' title='bbox 710 3543 745 3609; x_wconf 90' lang='lat' dir='ltr'>B.</span> <span class='ocrx_word' id='word_1_274' title='bbox 769 3541 808 3608; x_wconf 89' lang='lat' dir='ltr'>ll.</span> <span class='ocrx_word' id='word_1_275' title='bbox 832 3541 868 3607; x_wconf 94' lang='lat' dir='ltr'>V.</span> <span class='ocrx_word' id='word_1_276' title='bbox 892 3539 1033 3605; x_wconf 88' lang='lat' dir='ltr'>Eestum.</span> <span class='ocrx_word' id='word_1_277' title='bbox 1058 3535 1222 3618; x_wconf 84' lang='lat' dir='ltr'>Quomodo</span> <span class='ocrx_word' id='word_1_278' title='bbox 1253 3532 1364 3620; x_wconf 79' lang='lat' dir='ltr'>hymni</span> 
     </span>
     <span class='ocr_line' id='line_1_36' title="bbox 338 3622 1361 3708; baseline -0.006 -14"><span class='ocrx_word' id='word_1_279' title='bbox 338 3630 551 3696; x_wconf 86' lang='lat' dir='ltr'>concludendi</span> <span class='ocrx_word' id='word_1_280' title='bbox 574 3643 669 3708; x_wconf 92' lang='lat' dir='ltr'>sunt,</span> <span class='ocrx_word' id='word_1_281' title='bbox 693 3632 800 3697; x_wconf 92' lang='lat' dir='ltr'>adnot.</span> <span class='ocrx_word' id='word_1_282' title='bbox 825 3631 866 3696; x_wconf 80' lang='lat' dir='ltr'>ll}</span> <span class='ocrx_word' id='word_1_283' title='bbox 889 3628 964 3693; x_wconf 87' lang='lat' dir='ltr'>Dee.</span> <span class='ocrx_word' id='word_1_284' title='bbox 988 3649 1019 3694; x_wconf 94' lang='lat' dir='ltr'>n.</span> <span class='ocrx_word' id='word_1_285' title='bbox 1044 3627 1067 3693; x_wconf 90' lang='lat' dir='ltr'>l.</span> <span class='ocrx_word' id='word_1_286' title='bbox 1092 3626 1124 3692; x_wconf 93' lang='grc'>81</span> <span class='ocrx_word' id='word_1_287' title='bbox 1156 3622 1305 3690; x_wconf 86' lang='lat' dir='ltr'>inciderit</span> <span class='ocrx_word' id='word_1_288' title='bbox 1327 3623 1361 3688; x_wconf 93' lang='lat' dir='ltr'>in</span> 
     </span>
     <span class='ocr_line' id='line_1_37' title="bbox 337 3712 1362 3805; baseline -0.005 -24"><span class='ocrx_word' id='word_1_289' title='bbox 337 3715 454 3783; x_wconf 87' lang='lat' dir='ltr'>leriam</span> <span class='ocrx_word' id='word_1_290' title='bbox 470 3730 617 3805; x_wconf 88' lang='lat' dir='ltr'>quartam</span> <span class='ocrx_word' id='word_1_291' title='bbox 632 3721 775 3802; x_wconf 89' lang='lat' dir='ltr'>Quatuor</span> <span class='ocrx_word' id='word_1_292' title='bbox 789 3718 995 3805; x_wconf 78' lang='lat' dir='ltr'>Temporum</span> <span class='ocrx_word' id='word_1_293' title='bbox 1011 3716 1086 3783; x_wconf 90' lang='lat' dir='ltr'>ibid.</span> <span class='ocrx_word' id='word_1_294' title='bbox 1105 3736 1134 3781; x_wconf 93' lang='lat' dir='ltr'>n.</span> <span class='ocrx_word' id='word_1_295' title='bbox 1152 3713 1190 3779; x_wconf 91' lang='lat' dir='ltr'>ll.</span> <span class='ocrx_word' id='word_1_296' title='bbox 1208 3712 1242 3777; x_wconf 92' lang='grc'>81</span> <span class='ocrx_word' id='word_1_297' title='bbox 1259 3720 1362 3778; x_wconf 87' lang='grc'><strong>15555·</strong></span> 
     </span>
     <span class='ocr_line' id='line_1_38' title="bbox 337 3804 1363 3890; baseline -0.004 -20"><span class='ocrx_word' id='word_1_298' title='bbox 337 3804 464 3872; x_wconf 87' lang='grc'><strong>1555155</strong></span> <span class='ocrx_word' id='word_1_299' title='bbox 479 3809 512 3874; x_wconf 88' lang='grc'>15</span> <span class='ocrx_word' id='word_1_300' title='bbox 529 3809 612 3876; x_wconf 90' lang='lat' dir='ltr'>diem</span> <span class='ocrx_word' id='word_1_301' title='bbox 628 3811 670 3876; x_wconf 88' lang='grc'>66</span> <span class='ocrx_word' id='word_1_302' title='bbox 687 3810 761 3875; x_wconf 84' lang='grc'><strong>1155.</strong></span> <span class='ocrx_word' id='word_1_303' title='bbox 778 3817 810 3875; x_wconf 85' lang='grc'>51</span> <span class='ocrx_word' id='word_1_304' title='bbox 826 3814 974 3874; x_wconf 87' lang='grc'><strong>55555551</strong></span> <span class='ocrx_word' id='word_1_305' title='bbox 998 3806 1030 3871; x_wconf 92' lang='grc'>15</span> <span class='ocrx_word' id='word_1_306' title='bbox 1053 3804 1131 3870; x_wconf 87' lang='grc'><strong>15515</strong></span> <span class='ocrx_word' id='word_1_307' title='bbox 1153 3808 1266 3890; x_wconf 91' lang='lat' dir='ltr'>quarta</span> <span class='ocrx_word' id='word_1_308' title='bbox 1282 3820 1363 3887; x_wconf 85' lang='lat' dir='ltr'>prae·</span> 
     </span>
     <span class='ocr_line' id='line_1_39' title="bbox 339 3889 1339 3984; baseline -0.003 -26"><span class='ocrx_word' id='word_1_309' title='bbox 339 3893 437 3970; x_wconf 90' lang='lat' dir='ltr'>dicta,</span> <span class='ocrx_word' id='word_1_310' title='bbox 462 3898 538 3983; x_wconf 92' lang='lat' dir='ltr'>quid</span> <span class='ocrx_word' id='word_1_311' title='bbox 561 3900 647 3966; x_wconf 90' lang='lat' dir='ltr'>eirea</span> <span class='ocrx_word' id='word_1_312' title='bbox 670 3897 874 3984; x_wconf 81' lang='lat' dir='ltr'>Evangelium</span> <span class='ocrx_word' id='word_1_313' title='bbox 898 3894 1020 3982; x_wconf 78' lang='lat' dir='ltr'>Vigiliae</span> <span class='ocrx_word' id='word_1_314' title='bbox 1044 3892 1076 3960; x_wconf 90' lang='lat' dir='ltr'>S.</span> <span class='ocrx_word' id='word_1_315' title='bbox 1100 3893 1241 3968; x_wconf 70' lang='lat' dir='ltr'>Thomas,</span> <span class='ocrx_word' id='word_1_316' title='bbox 1263 3889 1339 3956; x_wconf 88' lang='lat' dir='ltr'>ibid.</span> 
     </span>
    </p>

    <p class='ocr_par' dir='ltr' id='par_1_9' title="bbox 291 3981 1362 4166">
     <span class='ocr_line' id='line_1_40' title="bbox 291 3981 1362 4071; baseline -0.007 -20"><span class='ocrx_word' id='word_1_317' title='bbox 291 3982 461 4070; x_wconf 81' lang='lat' dir='ltr'>Expositio</span> <span class='ocrx_word' id='word_1_318' title='bbox 484 3985 540 4053; x_wconf 90' lang='grc'><strong>88.</strong></span> <span class='ocrx_word' id='word_1_319' title='bbox 565 3987 773 4056; x_wconf 86' lang='lat' dir='ltr'>Sacramenti.</span> <span class='ocrx_word' id='word_1_320' title='bbox 797 3983 931 4067; x_wconf 92' lang='lat' dir='ltr'>Quando</span> <span class='ocrx_word' id='word_1_321' title='bbox 955 3981 1167 4071; x_wconf 86' lang='lat' dir='ltr'>etquomodo</span> <span class='ocrx_word' id='word_1_322' title='bbox 1191 3981 1287 4048; x_wconf 88' lang='grc' dir='ltr'><strong>Μ1555</strong></span> <span class='ocrx_word' id='word_1_323' title='bbox 1310 3998 1362 4044; x_wconf 91' lang='grc'>55·</span> 
     </span>
     <span class='ocr_line' id='line_1_41' title="bbox 338 4071 1361 4166; baseline -0.006 -27"><span class='ocrx_word' id='word_1_324' title='bbox 338 4071 457 4141; x_wconf 90' lang='lat' dir='ltr'>lemnis</span> <span class='ocrx_word' id='word_1_325' title='bbox 480 4074 520 4142; x_wconf 91' lang='lat' dir='ltr'>de</span> <span class='ocrx_word' id='word_1_326' title='bbox 541 4073 598 4145; x_wconf 88' lang='grc'><strong>88.</strong></span> <span class='ocrx_word' id='word_1_327' title='bbox 614 4076 822 4147; x_wconf 82' lang='grc'><strong>8555555515</strong></span> <span class='ocrx_word' id='word_1_328' title='bbox 845 4095 907 4166; x_wconf 86' lang='lat' dir='ltr'>pro</span> <span class='ocrx_word' id='word_1_329' title='bbox 929 4094 966 4144; x_wconf 94' lang='lat' dir='ltr'>eo</span> <span class='ocrx_word' id='word_1_330' title='bbox 989 4071 1174 4162; x_wconf 85' lang='lat' dir='ltr'>exponendo</span> <span class='ocrx_word' id='word_1_331' title='bbox 1197 4071 1247 4138; x_wconf 90' lang='lat' dir='ltr'>vel</span> <span class='ocrx_word' id='word_1_332' title='bbox 1270 4086 1361 4155; x_wconf 88' lang='lat' dir='ltr'>repo·</span> 
     </span>
    </p>
   </div>
   <div class='ocr_carea' id='block_1_3' title="bbox 0 0 1746 4875">
    <p class='ocr_par' dir='ltr' id='par_1_10' title="bbox 0 0 1746 4875">
     <span class='ocr_line' id='line_1_42' title="bbox 0 0 1746 4875; baseline 0 0"><span class='ocrx_word' id='word_1_333' title='bbox 0 0 1746 4875; x_wconf 95' lang='lat' dir='ltr'> </span> 
     </span>
    </p>
   </div>
  </div>
 </body>
</html>
