<?xml version="1.0" encoding="UTF-8"?>
<!DOCTYPE html PUBLIC "-//W3C//DTD XHTML 1.0 Transitional//EN"
    "http://www.w3.org/TR/xhtml1/DTD/xhtml1-transitional.dtd">
<html xmlns="http://www.w3.org/1999/xhtml" xml:lang="en" lang="en">
 <head>
  <title>
</title>
<meta http-equiv="Content-Type" content="text/html;charset=utf-8" />
  <meta name='ocr-system' content='tesseract 3.04.00' />
  <meta name='ocr-capabilities' content='ocr_page ocr_carea ocr_par ocr_line ocrx_word'/>
</head>
<body>
  <div class='ocr_page' id='page_1' title='image "./kalendariumperp00carpgoog_0179.png"; bbox 0 0 3484 4875; ppageno 0'>
   <div class='ocr_carea' id='block_1_1' title="bbox 571 464 1352 555">
    <p class='ocr_par' dir='ltr' id='par_1_1' title="bbox 571 464 1352 555">
     <span class='ocr_line' id='line_1_1' title="bbox 571 464 1352 555; baseline 0.005 -4"><span class='ocrx_word' id='word_1_1' title='bbox 571 502 794 553; x_wconf 82' lang='lat' dir='ltr'>annorarronrs</span> <span class='ocrx_word' id='word_1_2' title='bbox 810 503 841 551; x_wconf 87' lang='lat' dir='ltr'>tn</span> <span class='ocrx_word' id='word_1_3' title='bbox 856 506 949 553; x_wconf 81' lang='lat' dir='ltr'>essm</span> <span class='ocrx_word' id='word_1_4' title='bbox 964 504 1099 554; x_wconf 80' lang='lat' dir='ltr'>ranuauu</span> <span class='ocrx_word' id='word_1_5' title='bbox 1289 464 1352 555; x_wconf 80' lang='lat' dir='ltr'>tat</span> 
     </span>
    </p>
   </div>
   <div class='ocr_carea' id='block_1_2' title="bbox 327 613 1377 4146">
    <p class='ocr_par' dir='ltr' id='par_1_2' title="bbox 327 613 1377 3682">
     <span class='ocr_line' id='line_1_2' title="bbox 327 613 1373 704; baseline 0.002 -25"><span class='ocrx_word' id='word_1_6' title='bbox 327 633 506 681; x_wconf 88' lang='lat' dir='ltr'>sacrorum</span> <span class='ocrx_word' id='word_1_7' title='bbox 532 613 726 699; x_wconf 76' lang='lat' dir='ltr'><strong>stigmatum</strong></span> <span class='ocrx_word' id='word_1_8' title='bbox 754 614 820 680; x_wconf 84' lang='lat' dir='ltr'>beo</span> <span class='ocrx_word' id='word_1_9' title='bbox 849 614 974 682; x_wconf 86' lang='lat' dir='ltr'>dicatis.</span> <span class='ocrx_word' id='word_1_10' title='bbox 1003 616 1099 683; x_wconf 81' lang='lat' dir='ltr'>flnbr.</span> <span class='ocrx_word' id='word_1_11' title='bbox 1129 615 1231 704; x_wconf 86' lang='lat' dir='ltr'>pecul.</span> <span class='ocrx_word' id='word_1_12' title='bbox 1261 637 1292 681; x_wconf 80' lang='lat' dir='ltr'>a.</span> <span class='ocrx_word' id='word_1_13' title='bbox 1323 620 1373 683; x_wconf 91' lang='lat' dir='ltr'>eit.</span> 
     </span>
     <span class='ocr_line' id='line_1_3' title="bbox 329 702 1377 787; baseline 0.001 -18"><span class='ocrx_word' id='word_1_14' title='bbox 329 702 449 783; x_wconf 81' lang='lat' dir='ltr'><strong>Quoad</strong></span> <span class='ocrx_word' id='word_1_15' title='bbox 467 704 548 769; x_wconf 91' lang='lat' dir='ltr'>alios</span> <span class='ocrx_word' id='word_1_16' title='bbox 561 703 722 769; x_wconf 84' lang='lat' dir='ltr'>Titalares</span> <span class='ocrx_word' id='word_1_17' title='bbox 739 702 935 787; x_wconf 75' lang='lat' dir='ltr'>suffragium</span> <span class='ocrx_word' id='word_1_18' title='bbox 952 705 1090 772; x_wconf 89' lang='lat' dir='ltr'>sumitur</span> <span class='ocrx_word' id='word_1_19' title='bbox 1107 723 1145 772; x_wconf 82' lang='lat' dir='ltr'>cx</span> <span class='ocrx_word' id='word_1_20' title='bbox 1163 704 1327 770; x_wconf 79' lang='lat' dir='ltr'>Laudibus</span> <span class='ocrx_word' id='word_1_21' title='bbox 1343 710 1377 770; x_wconf 88' lang='lat' dir='ltr'>ct</span> 
     </span>
     <span class='ocr_line' id='line_1_4' title="bbox 327 790 1374 879; baseline -0.001 -20"><span class='ocrx_word' id='word_1_22' title='bbox 327 791 486 859; x_wconf 89' lang='lat' dir='ltr'>secundis</span> <span class='ocrx_word' id='word_1_23' title='bbox 510 790 660 878; x_wconf 87' lang='lat' dir='ltr'>Vesperis</span> <span class='ocrx_word' id='word_1_24' title='bbox 684 792 785 859; x_wconf 83' lang='lat' dir='ltr'>Officii</span> <span class='ocrx_word' id='word_1_25' title='bbox 810 794 955 879; x_wconf 91' lang='lat' dir='ltr'>proprii,</span> <span class='ocrx_word' id='word_1_26' title='bbox 985 794 1013 859; x_wconf 93' lang='lat' dir='ltr'>si</span> <span class='ocrx_word' id='word_1_27' title='bbox 1038 793 1219 867; x_wconf 88' lang='lat' dir='ltr'>babeatur;</span> <span class='ocrx_word' id='word_1_28' title='bbox 1252 793 1374 858; x_wconf 90' lang='lat' dir='ltr'>omisso</span> 
     </span>
     <span class='ocr_line' id='line_1_5' title="bbox 331 880 1375 967; baseline 0 -20"><span class='ocrx_word' id='word_1_29' title='bbox 331 889 445 947; x_wconf 86' lang='lat' dir='ltr'>tamen</span> <span class='ocrx_word' id='word_1_30' title='bbox 470 900 601 966; x_wconf 85' lang='lat' dir='ltr'>semper</span> <span class='ocrx_word' id='word_1_31' title='bbox 623 882 656 946; x_wconf 93' lang='lat' dir='ltr'>in</span> <span class='ocrx_word' id='word_1_32' title='bbox 673 881 702 964; x_wconf 72' lang='lat' dir='ltr'>p.</span> <span class='ocrx_word' id='word_1_33' title='bbox 719 880 868 966; x_wconf 71' lang='lat' dir='ltr'>alleluja,</span> <span class='ocrx_word' id='word_1_34' title='bbox 893 883 920 946; x_wconf 89' lang='lat' dir='ltr'>si</span> <span class='ocrx_word' id='word_1_35' title='bbox 945 881 1040 957; x_wconf 91' lang='lat' dir='ltr'>adsit,</span> <span class='ocrx_word' id='word_1_36' title='bbox 1064 890 1097 947; x_wconf 90' lang='lat' dir='ltr'>et</span> <span class='ocrx_word' id='word_1_37' title='bbox 1121 882 1153 947; x_wconf 91' lang='lat' dir='ltr'>in</span> <span class='ocrx_word' id='word_1_38' title='bbox 1180 880 1375 967; x_wconf 80' lang='lat' dir='ltr'>dutipboua,</span> 
     </span>
     <span class='ocr_line' id='line_1_6' title="bbox 328 968 1374 1056; baseline -0.002 -20"><span class='ocrx_word' id='word_1_39' title='bbox 328 971 464 1056; x_wconf 87' lang='lat' dir='ltr'>quoties</span> <span class='ocrx_word' id='word_1_40' title='bbox 487 968 634 1035; x_wconf 89' lang='lat' dir='ltr'>additum</span> <span class='ocrx_word' id='word_1_41' title='bbox 667 970 829 1056; x_wconf 85' lang='lat' dir='ltr'>reperitur</span> <span class='ocrx_word' id='word_1_42' title='bbox 851 970 976 1035; x_wconf 87' lang='lat' dir='ltr'>ratione</span> <span class='ocrx_word' id='word_1_43' title='bbox 1013 971 1169 1056; x_wconf 87' lang='lat' dir='ltr'>temporis</span> <span class='ocrx_word' id='word_1_44' title='bbox 1208 968 1374 1035; x_wconf 87' lang='lat' dir='ltr'>Paschalis</span> 
     </span>
     <span class='ocr_line' id='line_1_7' title="bbox 327 1058 1374 1145; baseline 0.002 -24"><span class='ocrx_word' id='word_1_45' title='bbox 327 1059 381 1125; x_wconf 86' lang='lat' dir='ltr'>vel</span> <span class='ocrx_word' id='word_1_46' title='bbox 398 1058 628 1132; x_wconf 66' lang='lat' dir='ltr'>solemnitatis</span> <span class='ocrx_word' id='word_1_47' title='bbox 644 1078 708 1124; x_wconf 91' lang='lat' dir='ltr'>non</span> <span class='ocrx_word' id='word_1_48' title='bbox 726 1059 802 1123; x_wconf 89' lang='lat' dir='ltr'>item</span> <span class='ocrx_word' id='word_1_49' title='bbox 818 1059 845 1122; x_wconf 89' lang='lat' dir='ltr'>si</span> <span class='ocrx_word' id='word_1_50' title='bbox 862 1058 1009 1125; x_wconf 90' lang='lat' dir='ltr'>additum</span> <span class='ocrx_word' id='word_1_51' title='bbox 1024 1061 1076 1134; x_wconf 91' lang='lat' dir='ltr'>sit,</span> <span class='ocrx_word' id='word_1_52' title='bbox 1095 1059 1171 1145; x_wconf 89' lang='lat' dir='ltr'>quia</span> <span class='ocrx_word' id='word_1_53' title='bbox 1188 1058 1374 1143; x_wconf 83' lang='lat' dir='ltr'>Antiphone</span> 
     </span>
     <span class='ocr_line' id='line_1_8' title="bbox 328 1144 1367 1233; baseline 0.001 -22"><span class='ocrx_word' id='word_1_54' title='bbox 328 1147 403 1233; x_wconf 90' lang='lat' dir='ltr'>ipsa</span> <span class='ocrx_word' id='word_1_55' title='bbox 427 1144 591 1230; x_wconf 77' lang='lat' dir='ltr'>gaudium,</span> <span class='ocrx_word' id='word_1_56' title='bbox 615 1147 783 1212; x_wconf 88' lang='lat' dir='ltr'>victoriam</span> <span class='ocrx_word' id='word_1_57' title='bbox 807 1147 856 1212; x_wconf 84' lang='lat' dir='ltr'>vel</span> <span class='ocrx_word' id='word_1_58' title='bbox 881 1147 999 1213; x_wconf 83' lang='lat' dir='ltr'>similia</span> <span class='ocrx_word' id='word_1_59' title='bbox 1023 1147 1187 1231; x_wconf 74' lang='lat' dir='ltr'>exprimit.</span> <span class='ocrx_word' id='word_1_60' title='bbox 1212 1146 1243 1211; x_wconf 91' lang='lat' dir='ltr'>S.</span> <span class='ocrx_word' id='word_1_61' title='bbox 1270 1145 1306 1211; x_wconf 80' lang='lat' dir='ltr'>li.</span> <span class='ocrx_word' id='word_1_62' title='bbox 1335 1145 1367 1212; x_wconf 81' lang='lat'>0.</span> 
     </span>
     <span class='ocr_line' id='line_1_9' title="bbox 329 1234 1372 1319; baseline -0.002 -18"><span class='ocrx_word' id='word_1_63' title='bbox 329 1235 373 1301; x_wconf 73' lang='grc'>29</span> <span class='ocrx_word' id='word_1_64' title='bbox 399 1234 479 1301; x_wconf 83' lang='grc' dir='ltr'><strong><em>Νου.</em></strong></span> <span class='ocrx_word' id='word_1_65' title='bbox 506 1234 591 1299; x_wconf 76' lang='lat' dir='ltr'>ttae</span> <span class='ocrx_word' id='word_1_66' title='bbox 615 1235 647 1299; x_wconf 91' lang='lat' dir='ltr'>in</span> <span class='ocrx_word' id='word_1_67' title='bbox 665 1234 882 1319; x_wconf 80' lang='lat' dir='ltr'>Oartlmpinen.</span> <span class='ocrx_word' id='word_1_68' title='bbox 901 1236 943 1300; x_wconf 88' lang='lat' dir='ltr'>aal</span> <span class='ocrx_word' id='word_1_69' title='bbox 959 1237 989 1300; x_wconf 83' lang='lat' dir='ltr'>ll.</span> <span class='ocrx_word' id='word_1_70' title='bbox 1008 1234 1233 1302; x_wconf 86' lang='lat' dir='ltr'>Omittendum</span> <span class='ocrx_word' id='word_1_71' title='bbox 1250 1241 1301 1299; x_wconf 85' lang='lat' dir='ltr'>ost</span> <span class='ocrx_word' id='word_1_72' title='bbox 1324 1234 1372 1300; x_wconf 90' lang='lat' dir='ltr'>in·</span> 
     </span>
     <span class='ocr_line' id='line_1_10' title="bbox 330 1321 1374 1409; baseline 0 -20"><span class='ocrx_word' id='word_1_73' title='bbox 330 1342 433 1409; x_wconf 91' lang='lat' dir='ltr'>super</span> <span class='ocrx_word' id='word_1_74' title='bbox 457 1322 591 1388; x_wconf 77' lang='lat' dir='ltr'>verbum</span> <span class='ocrx_word' id='word_1_75' title='bbox 614 1321 716 1388; x_wconf 81' lang='lat' dir='ltr'>Hodie</span> <span class='ocrx_word' id='word_1_76' title='bbox 739 1325 788 1389; x_wconf 87' lang='lat' dir='ltr'>rel</span> <span class='ocrx_word' id='word_1_77' title='bbox 812 1324 917 1388; x_wconf 90' lang='lat' dir='ltr'>simile</span> <span class='ocrx_word' id='word_1_78' title='bbox 941 1324 1135 1409; x_wconf 86' lang='lat' dir='ltr'>ubicumque</span> <span class='ocrx_word' id='word_1_79' title='bbox 1162 1323 1316 1397; x_wconf 88' lang='lat' dir='ltr'>occurrit,</span> <span class='ocrx_word' id='word_1_80' title='bbox 1342 1331 1374 1389; x_wconf 92' lang='lat' dir='ltr'>et</span> 
     </span>
     <span class='ocr_line' id='line_1_11' title="bbox 328 1410 1374 1487; baseline 0 -10"><span class='ocrx_word' id='word_1_81' title='bbox 328 1413 361 1477; x_wconf 93' lang='lat' dir='ltr'>in</span> <span class='ocrx_word' id='word_1_82' title='bbox 386 1410 543 1477; x_wconf 79' lang='lat' dir='ltr'>Oratione</span> <span class='ocrx_word' id='word_1_83' title='bbox 566 1431 626 1476; x_wconf 82' lang='lat' dir='ltr'>von</span> <span class='ocrx_word' id='word_1_84' title='bbox 641 1411 806 1486; x_wconf 87' lang='lat' dir='ltr'>Natalitia,</span> <span class='ocrx_word' id='word_1_85' title='bbox 821 1411 1016 1487; x_wconf 85' lang='lat' dir='ltr'>Solemnitcs,</span> <span class='ocrx_word' id='word_1_86' title='bbox 1034 1411 1200 1478; x_wconf 78' lang='lat' dir='ltr'>Fastioitas</span> <span class='ocrx_word' id='word_1_87' title='bbox 1226 1417 1286 1475; x_wconf 89' lang='lat' dir='ltr'>etc.</span> <span class='ocrx_word' id='word_1_88' title='bbox 1306 1430 1374 1477; x_wconf 88' lang='lat' dir='ltr'>mn-</span> 
     </span>
     <span class='ocr_line' id='line_1_12' title="bbox 332 1497 1369 1583; baseline 0 -18"><span class='ocrx_word' id='word_1_89' title='bbox 332 1499 432 1566; x_wconf 91' lang='lat' dir='ltr'>tanda</span> <span class='ocrx_word' id='word_1_90' title='bbox 456 1499 489 1564; x_wconf 93' lang='lat' dir='ltr'>in</span> <span class='ocrx_word' id='word_1_91' title='bbox 513 1518 624 1565; x_wconf 88' lang='lat' dir='ltr'>vocem</span> <span class='ocrx_word' id='word_1_92' title='bbox 643 1499 905 1566; x_wconf 84' lang='lat' dir='ltr'>Commemoratio</span> <span class='ocrx_word' id='word_1_93' title='bbox 928 1502 979 1566; x_wconf 84' lang='lat' dir='ltr'>vel</span> <span class='ocrx_word' id='word_1_94' title='bbox 995 1499 1161 1565; x_wconf 88' lang='lat' dir='ltr'>Memoria.</span> <span class='ocrx_word' id='word_1_95' title='bbox 1179 1497 1234 1564; x_wconf 87' lang='lat' dir='ltr'>Sic</span> <span class='ocrx_word' id='word_1_96' title='bbox 1252 1519 1301 1565; x_wconf 88' lang='lat' dir='ltr'>ex.</span> <span class='ocrx_word' id='word_1_97' title='bbox 1319 1517 1369 1583; x_wconf 78' lang='lat' dir='ltr'>gr.</span> 
     </span>
     <span class='ocr_line' id='line_1_13' title="bbox 331 1585 1371 1673; baseline -0.002 -20"><span class='ocrx_word' id='word_1_98' title='bbox 331 1586 599 1653; x_wconf 77' lang='lat' dir='ltr'>accomodabitur</span> <span class='ocrx_word' id='word_1_99' title='bbox 623 1588 727 1673; x_wconf 90' lang='lat' dir='ltr'>prima</span> <span class='ocrx_word' id='word_1_100' title='bbox 750 1585 860 1654; x_wconf 89' lang='lat' dir='ltr'>Oratio</span> <span class='ocrx_word' id='word_1_101' title='bbox 885 1588 1086 1655; x_wconf 80' lang='lat' dir='ltr'>Cairiessoris</span> <span class='ocrx_word' id='word_1_102' title='bbox 1110 1608 1177 1654; x_wconf 93' lang='lat' dir='ltr'>non</span> <span class='ocrx_word' id='word_1_103' title='bbox 1194 1586 1371 1653; x_wconf 80' lang='lat' dir='ltr'>l‘ontilicis:</span> 
     </span>
     <span class='ocr_line' id='line_1_14' title="bbox 332 1675 1373 1762; baseline -0.002 -21"><span class='ocrx_word' id='word_1_104' title='bbox 332 1676 439 1752; x_wconf 85' lang='lat' dir='ltr'>Deos,</span> <span class='ocrx_word' id='word_1_105' title='bbox 464 1675 519 1760; x_wconf 87' lang='lat' dir='ltr'>qui</span> <span class='ocrx_word' id='word_1_106' title='bbox 540 1696 595 1740; x_wconf 87' lang='lat' dir='ltr'>nos</span> <span class='ocrx_word' id='word_1_107' title='bbox 617 1676 700 1742; x_wconf 87' lang='lat' dir='ltr'>beati</span> <span class='ocrx_word' id='word_1_108' title='bbox 721 1675 760 1740; x_wconf 88' lang='grc' dir='ltr'>Ν.</span> <span class='ocrx_word' id='word_1_109' title='bbox 788 1675 975 1762; x_wconf 79' lang='lat' dir='ltr'>Consorsoris</span> <span class='ocrx_word' id='word_1_110' title='bbox 999 1678 1046 1743; x_wconf 86' lang='lat' dir='ltr'>tui</span> <span class='ocrx_word' id='word_1_111' title='bbox 1073 1675 1373 1742; x_wconf 79' lang='lat' dir='ltr'>commemoratione</span> 
     </span>
     <span class='ocr_line' id='line_1_15' title="bbox 333 1762 1374 1852; baseline -0.001 -22"><span class='ocrx_word' id='word_1_112' title='bbox 333 1764 488 1852; x_wconf 71' lang='lat' dir='ltr'>laetificas,</span> <span class='ocrx_word' id='word_1_113' title='bbox 511 1763 642 1828; x_wconf 78' lang='lat' dir='ltr'>concede</span> <span class='ocrx_word' id='word_1_114' title='bbox 661 1765 830 1851; x_wconf 85' lang='lat' dir='ltr'>propitius,</span> <span class='ocrx_word' id='word_1_115' title='bbox 854 1774 889 1829; x_wconf 87' lang='lat' dir='ltr'>att</span> <span class='ocrx_word' id='word_1_116' title='bbox 912 1766 1001 1851; x_wconf 79' lang='lat' dir='ltr'>atejus</span> <span class='ocrx_word' id='word_1_117' title='bbox 1025 1765 1214 1829; x_wconf 77' lang='lat' dir='ltr'>memoriam</span> <span class='ocrx_word' id='word_1_118' title='bbox 1242 1762 1374 1829; x_wconf 86' lang='lat' dir='ltr'>colimus</span> 
     </span>
     <span class='ocr_line' id='line_1_16' title="bbox 333 1849 1375 1938; baseline 0.001 -21"><span class='ocrx_word' id='word_1_119' title='bbox 333 1859 395 1918; x_wconf 90' lang='lat' dir='ltr'>ete.</span> <span class='ocrx_word' id='word_1_120' title='bbox 418 1852 457 1917; x_wconf 91' lang='lat' dir='ltr'>ln</span> <span class='ocrx_word' id='word_1_121' title='bbox 480 1849 687 1918; x_wconf 83' lang='lat' dir='ltr'>Orationibus</span> <span class='ocrx_word' id='word_1_122' title='bbox 711 1850 761 1917; x_wconf 90' lang='lat' dir='ltr'>Ss.</span> <span class='ocrx_word' id='word_1_123' title='bbox 778 1851 925 1918; x_wconf 84' lang='lat' dir='ltr'>Vocontii</span> <span class='ocrx_word' id='word_1_124' title='bbox 951 1862 983 1919; x_wconf 90' lang='lat' dir='ltr'>et</span> <span class='ocrx_word' id='word_1_125' title='bbox 999 1854 1196 1938; x_wconf 84' lang='lat' dir='ltr'>Apollinaris</span> <span class='ocrx_word' id='word_1_126' title='bbox 1214 1852 1375 1918; x_wconf 91' lang='lat' dir='ltr'>omittitur</span> 
     </span>
     <span class='ocr_line' id='line_1_17' title="bbox 334 1938 1371 2027; baseline 0.001 -24"><span class='ocrx_word' id='word_1_127' title='bbox 334 1940 471 2006; x_wconf 82' lang='lat' dir='ltr'>verbum</span> <span class='ocrx_word' id='word_1_128' title='bbox 486 1939 589 2016; x_wconf 77' lang='lat' dir='ltr'>Herna,</span> <span class='ocrx_word' id='word_1_129' title='bbox 613 1941 646 2005; x_wconf 92' lang='lat' dir='ltr'>in</span> <span class='ocrx_word' id='word_1_130' title='bbox 669 1941 772 2005; x_wconf 87' lang='lat' dir='ltr'>altera</span> <span class='ocrx_word' id='word_1_131' title='bbox 796 1960 872 2007; x_wconf 86' lang='lat' dir='ltr'>vero</span> <span class='ocrx_word' id='word_1_132' title='bbox 888 1940 920 2006; x_wconf 91' lang='lat' dir='ltr'>S.</span> <span class='ocrx_word' id='word_1_133' title='bbox 940 1941 1054 2007; x_wconf 84' lang='lat' dir='ltr'>Leonis</span> <span class='ocrx_word' id='word_1_134' title='bbox 1072 1941 1100 2006; x_wconf 97' lang='lat' dir='ltr'>ll</span> <span class='ocrx_word' id='word_1_135' title='bbox 1118 1942 1214 2027; x_wconf 86' lang='lat' dir='ltr'>Papae</span> <span class='ocrx_word' id='word_1_136' title='bbox 1232 1948 1264 2005; x_wconf 89' lang='lat' dir='ltr'>et</span> <span class='ocrx_word' id='word_1_137' title='bbox 1282 1938 1371 2005; x_wconf 85' lang='lat' dir='ltr'>Cani.</span> 
     </span>
     <span class='ocr_line' id='line_1_18' title="bbox 337 2026 1375 2113; baseline -0.001 -19"><span class='ocrx_word' id='word_1_138' title='bbox 337 2048 396 2113; x_wconf 90' lang='lat' dir='ltr'>pro</span> <span class='ocrx_word' id='word_1_139' title='bbox 423 2027 735 2095; x_wconf 70' lang='lat' dir='ltr'>commemorationis</span> <span class='ocrx_word' id='word_1_140' title='bbox 759 2026 876 2105; x_wconf 80' lang='lat' dir='ltr'>Festo,</span> <span class='ocrx_word' id='word_1_141' title='bbox 907 2030 1116 2096; x_wconf 87' lang='lat' dir='ltr'>substituitur</span> <span class='ocrx_word' id='word_1_142' title='bbox 1142 2029 1375 2095; x_wconf 80' lang='lat' dir='ltr'>Commemora-</span> 
     </span>
     <span class='ocr_line' id='line_1_19' title="bbox 338 2115 1375 2200; baseline 0 -19"><span class='ocrx_word' id='word_1_143' title='bbox 338 2118 462 2182; x_wconf 85' lang='lat' dir='ltr'>tionem.</span> <span class='ocrx_word' id='word_1_144' title='bbox 487 2116 533 2181; x_wconf 81' lang='lat' dir='ltr'>dc</span> <span class='ocrx_word' id='word_1_145' title='bbox 555 2116 600 2182; x_wconf 92' lang='lat' dir='ltr'>ita</span> <span class='ocrx_word' id='word_1_146' title='bbox 622 2116 655 2181; x_wconf 91' lang='lat' dir='ltr'>iu</span> <span class='ocrx_word' id='word_1_147' title='bbox 679 2116 849 2182; x_wconf 90' lang='lat' dir='ltr'>similibus.</span> <span class='ocrx_word' id='word_1_148' title='bbox 867 2117 996 2183; x_wconf 89' lang='lat' dir='ltr'>llinime</span> <span class='ocrx_word' id='word_1_149' title='bbox 1020 2127 1069 2183; x_wconf 86' lang='lat' dir='ltr'>est</span> <span class='ocrx_word' id='word_1_150' title='bbox 1092 2119 1305 2200; x_wconf 83' lang='lat' dir='ltr'>incongruum</span> <span class='ocrx_word' id='word_1_151' title='bbox 1329 2115 1375 2181; x_wconf 88' lang='lat' dir='ltr'>di·</span> 
     </span>
     <span class='ocr_line' id='line_1_20' title="bbox 338 2202 1371 2292; baseline 0.001 -24"><span class='ocrx_word' id='word_1_152' title='bbox 338 2224 419 2270; x_wconf 89' lang='lat' dir='ltr'>cere:</span> <span class='ocrx_word' id='word_1_153' title='bbox 447 2203 530 2268; x_wconf 79' lang='lat' dir='ltr'>Deus</span> <span class='ocrx_word' id='word_1_154' title='bbox 553 2204 608 2290; x_wconf 83' lang='lat' dir='ltr'>qni</span> <span class='ocrx_word' id='word_1_155' title='bbox 627 2211 817 2292; x_wconf 72' lang='lat' dir='ltr'>praesentem</span> <span class='ocrx_word' id='word_1_156' title='bbox 840 2205 924 2270; x_wconf 86' lang='lat' dir='ltr'>diem</span> <span class='ocrx_word' id='word_1_157' title='bbox 941 2206 1155 2271; x_wconf 79' lang='lat' dir='ltr'>bortorobilem</span> <span class='ocrx_word' id='word_1_158' title='bbox 1177 2204 1264 2269; x_wconf 83' lang='lat' dir='ltr'>nobis</span> <span class='ocrx_word' id='word_1_159' title='bbox 1279 2204 1312 2267; x_wconf 87' lang='lat' dir='ltr'>in</span> <span class='ocrx_word' id='word_1_160' title='bbox 1335 2202 1371 2269; x_wconf 87' lang='lat' dir='ltr'>B.</span> 
     </span>
     <span class='ocr_line' id='line_1_21' title="bbox 337 2290 1374 2378; baseline -0.001 -22"><span class='ocrx_word' id='word_1_161' title='bbox 337 2291 466 2359; x_wconf 73' lang='lat' dir='ltr'>ioannis</span> <span class='ocrx_word' id='word_1_162' title='bbox 489 2294 785 2357; x_wconf 83' lang='lat' dir='ltr'>commemoratione</span> <span class='ocrx_word' id='word_1_163' title='bbox 806 2293 908 2378; x_wconf 72' lang='lat' dir='ltr'>fecisti</span> <span class='ocrx_word' id='word_1_164' title='bbox 929 2301 1007 2368; x_wconf 79' lang='lat' dir='ltr'>eto:</span> <span class='ocrx_word' id='word_1_165' title='bbox 1032 2314 1069 2359; x_wconf 95' lang='lat' dir='ltr'>ac</span> <span class='ocrx_word' id='word_1_166' title='bbox 1094 2294 1185 2358; x_wconf 90' lang='lat' dir='ltr'>item:</span> <span class='ocrx_word' id='word_1_167' title='bbox 1205 2290 1266 2367; x_wconf 78' lang='lat' dir='ltr'>Oui</span> <span class='ocrx_word' id='word_1_168' title='bbox 1288 2312 1374 2356; x_wconf 87' lang='lat' dir='ltr'>nene-</span> 
     </span>
     <span class='ocr_line' id='line_1_22' title="bbox 338 2380 1370 2468; baseline -0.002 -22"><span class='ocrx_word' id='word_1_169' title='bbox 338 2380 471 2446; x_wconf 83' lang='lat' dir='ltr'>randam</span> <span class='ocrx_word' id='word_1_170' title='bbox 495 2390 699 2468; x_wconf 79' lang='lat' dir='ltr'>sanctamque</span> <span class='ocrx_word' id='word_1_171' title='bbox 723 2380 866 2447; x_wconf 80' lang='lat' dir='ltr'>laetitiam</span> <span class='ocrx_word' id='word_1_172' title='bbox 882 2381 914 2447; x_wconf 92' lang='lat' dir='ltr'>in</span> <span class='ocrx_word' id='word_1_173' title='bbox 931 2382 966 2448; x_wconf 88' lang='lat' dir='ltr'>B.</span> <span class='ocrx_word' id='word_1_174' title='bbox 983 2380 1214 2449; x_wconf 79' lang='lat' dir='ltr'>liertbolomoei</span> <span class='ocrx_word' id='word_1_175' title='bbox 1235 2398 1370 2445; x_wconf 87' lang='lat' dir='ltr'>comme-</span> 
     </span>
     <span class='ocr_line' id='line_1_23' title="bbox 338 2468 1371 2554; baseline 0.003 -22"><span class='ocrx_word' id='word_1_176' title='bbox 338 2470 511 2536; x_wconf 82' lang='lat' dir='ltr'>moratione</span> <span class='ocrx_word' id='word_1_177' title='bbox 546 2469 681 2535; x_wconf 84' lang='lat' dir='ltr'>tribuisti</span> <span class='ocrx_word' id='word_1_178' title='bbox 702 2478 787 2545; x_wconf 77' lang='lat' dir='ltr'>etc,</span> <span class='ocrx_word' id='word_1_179' title='bbox 814 2479 847 2536; x_wconf 91' lang='lat' dir='ltr'>et</span> <span class='ocrx_word' id='word_1_180' title='bbox 870 2470 958 2537; x_wconf 89' lang='lat' dir='ltr'>bisce</span> <span class='ocrx_word' id='word_1_181' title='bbox 994 2471 1123 2547; x_wconf 90' lang='lat' dir='ltr'>similia,</span> <span class='ocrx_word' id='word_1_182' title='bbox 1147 2487 1250 2554; x_wconf 89' lang='lat' dir='ltr'>neque</span> <span class='ocrx_word' id='word_1_183' title='bbox 1286 2468 1371 2535; x_wconf 90' lang='lat' dir='ltr'>enim</span> 
     </span>
     <span class='ocr_line' id='line_1_24' title="bbox 339 2555 1372 2625; baseline 0.002 -4"><span class='ocrx_word' id='word_1_184' title='bbox 339 2555 418 2623; x_wconf 84' lang='lat' dir='ltr'>falsa</span> <span class='ocrx_word' id='word_1_185' title='bbox 443 2558 661 2624; x_wconf 87' lang='lat' dir='ltr'>enuntiantur.</span> <span class='ocrx_word' id='word_1_186' title='bbox 681 2557 755 2623; x_wconf 83' lang='lat' dir='ltr'>Gon.</span> <span class='ocrx_word' id='word_1_187' title='bbox 779 2569 851 2624; x_wconf 84' lang='lat' dir='ltr'>sect.</span> <span class='ocrx_word' id='word_1_188' title='bbox 877 2559 895 2623; x_wconf 87' lang='lat'><strong>5</strong></span> <span class='ocrx_word' id='word_1_189' title='bbox 914 2581 938 2625; x_wconf 87' lang='lat' dir='ltr'>c.</span> <span class='ocrx_word' id='word_1_190' title='bbox 959 2560 999 2625; x_wconf 81' lang='lat' dir='ltr'>ta</span> <span class='ocrx_word' id='word_1_191' title='bbox 1025 2582 1054 2624; x_wconf 88' lang='lat' dir='ltr'>n.</span> <span class='ocrx_word' id='word_1_192' title='bbox 1076 2559 1127 2625; x_wconf 85' lang='lat' dir='ltr'>to.</span> <span class='ocrx_word' id='word_1_193' title='bbox 1145 2559 1186 2624; x_wconf 78' lang='lat' dir='ltr'>nt</span> <span class='ocrx_word' id='word_1_194' title='bbox 1210 2557 1237 2621; x_wconf 93' lang='lat' dir='ltr'>si</span> <span class='ocrx_word' id='word_1_195' title='bbox 1260 2555 1372 2623; x_wconf 85' lang='lat' dir='ltr'>Oratio</span> 
     </span>
     <span class='ocr_line' id='line_1_25' title="bbox 344 2644 1371 2733; baseline -0.002 -22"><span class='ocrx_word' id='word_1_196' title='bbox 344 2647 475 2732; x_wconf 90' lang='lat' dir='ltr'>propria</span> <span class='ocrx_word' id='word_1_197' title='bbox 493 2646 587 2712; x_wconf 86' lang='lat' dir='ltr'>dietis</span> <span class='ocrx_word' id='word_1_198' title='bbox 604 2647 653 2712; x_wconf 85' lang='lat' dir='ltr'>rel</span> <span class='ocrx_word' id='word_1_199' title='bbox 670 2645 830 2712; x_wconf 89' lang='lat' dir='ltr'>similibus</span> <span class='ocrx_word' id='word_1_200' title='bbox 846 2647 952 2713; x_wconf 90' lang='lat' dir='ltr'>modis</span> <span class='ocrx_word' id='word_1_201' title='bbox 968 2655 1106 2733; x_wconf 87' lang='lat' dir='ltr'>nequeat</span> <span class='ocrx_word' id='word_1_202' title='bbox 1122 2644 1371 2719; x_wconf 87' lang='lat' dir='ltr'>accommodari,</span> 
     </span>
     <span class='ocr_line' id='line_1_26' title="bbox 343 2731 1375 2822; baseline 0 -24"><span class='ocrx_word' id='word_1_203' title='bbox 343 2742 488 2801; x_wconf 85' lang='lat' dir='ltr'>sumetur</span> <span class='ocrx_word' id='word_1_204' title='bbox 503 2734 567 2800; x_wconf 92' lang='lat' dir='ltr'>alia</span> <span class='ocrx_word' id='word_1_205' title='bbox 585 2733 624 2799; x_wconf 87' lang='lat' dir='ltr'>de</span> <span class='ocrx_word' id='word_1_206' title='bbox 640 2733 818 2800; x_wconf 82' lang='lat' dir='ltr'>Communi.</span> <span class='ocrx_word' id='word_1_207' title='bbox 836 2734 980 2821; x_wconf 88' lang='lat' dir='ltr'>ldipsnm</span> <span class='ocrx_word' id='word_1_208' title='bbox 996 2743 1168 2822; x_wconf 82' lang='lat' dir='ltr'>praestetur</span> <span class='ocrx_word' id='word_1_209' title='bbox 1184 2731 1291 2820; x_wconf 89' lang='lat' dir='ltr'>quoad</span> <span class='ocrx_word' id='word_1_210' title='bbox 1314 2732 1375 2798; x_wconf 80' lang='lat' dir='ltr'>dn·</span> 
     </span>
     <span class='ocr_line' id='line_1_27' title="bbox 344 2821 1375 2911; baseline 0.002 -26"><span class='ocrx_word' id='word_1_211' title='bbox 344 2821 515 2908; x_wconf 85' lang='lat' dir='ltr'>tiphonem.</span> <span class='ocrx_word' id='word_1_212' title='bbox 533 2822 606 2888; x_wconf 88' lang='lat' dir='ltr'>lam</span> <span class='ocrx_word' id='word_1_213' title='bbox 629 2841 704 2888; x_wconf 84' lang='lat' dir='ltr'>vero</span> <span class='ocrx_word' id='word_1_214' title='bbox 721 2824 748 2886; x_wconf 89' lang='lat' dir='ltr'>si</span> <span class='ocrx_word' id='word_1_215' title='bbox 765 2821 912 2889; x_wconf 84' lang='lat' dir='ltr'>Officium</span> <span class='ocrx_word' id='word_1_216' title='bbox 935 2825 1102 2911; x_wconf 90' lang='lat' dir='ltr'>proprium</span> <span class='ocrx_word' id='word_1_217' title='bbox 1126 2843 1189 2890; x_wconf 91' lang='lat' dir='ltr'>non</span> <span class='ocrx_word' id='word_1_218' title='bbox 1214 2828 1375 2909; x_wconf 89' lang='lat' dir='ltr'>suppetat,</span> 
     </span>
     <span class='ocr_line' id='line_1_28' title="bbox 342 2908 1373 2999; baseline 0.001 -24"><span class='ocrx_word' id='word_1_219' title='bbox 342 2911 605 2977; x_wconf 84' lang='lat' dir='ltr'>commemoratio</span> <span class='ocrx_word' id='word_1_220' title='bbox 628 2909 762 2997; x_wconf 80' lang='lat' dir='ltr'>praelata</span> <span class='ocrx_word' id='word_1_221' title='bbox 785 2912 893 2994; x_wconf 81' lang='lat' dir='ltr'>agitur</span> <span class='ocrx_word' id='word_1_222' title='bbox 916 2932 974 2997; x_wconf 88' lang='lat' dir='ltr'>per</span> <span class='ocrx_word' id='word_1_223' title='bbox 990 2913 1207 2999; x_wconf 67' lang='lat' dir='ltr'>Antiphonem</span> <span class='ocrx_word' id='word_1_224' title='bbox 1231 2919 1263 2975; x_wconf 88' lang='lat' dir='ltr'>et</span> <span class='ocrx_word' id='word_1_225' title='bbox 1278 2910 1307 2992; x_wconf 71' lang='lat' dir='ltr'>p.</span> <span class='ocrx_word' id='word_1_226' title='bbox 1333 2908 1373 2976; x_wconf 89' lang='lat' dir='ltr'>de</span> 
     </span>
     <span class='ocr_line' id='line_1_29' title="bbox 343 2998 1375 3085; baseline 0.002 -22"><span class='ocrx_word' id='word_1_227' title='bbox 343 3007 539 3084; x_wconf 80' lang='lat' dir='ltr'>congruente</span> <span class='ocrx_word' id='word_1_228' title='bbox 552 2998 731 3074; x_wconf 86' lang='lat' dir='ltr'>Communi,</span> <span class='ocrx_word' id='word_1_229' title='bbox 745 3017 804 3084; x_wconf 92' lang='lat' dir='ltr'>pro</span> <span class='ocrx_word' id='word_1_230' title='bbox 820 2998 990 3066; x_wconf 55' lang='lat' dir='ltr'>Laudibus&gt;</span> <span class='ocrx_word' id='word_1_231' title='bbox 1001 3000 1129 3085; x_wconf 88' lang='lat' dir='ltr'>quidem</span> <span class='ocrx_word' id='word_1_232' title='bbox 1147 3020 1185 3066; x_wconf 85' lang='lat' dir='ltr'>ex</span> <span class='ocrx_word' id='word_1_233' title='bbox 1202 2998 1375 3074; x_wconf 86' lang='lat' dir='ltr'>Laudibus,</span> 
     </span>
     <span class='ocr_line' id='line_1_30' title="bbox 343 3086 1375 3175; baseline 0 -23"><span class='ocrx_word' id='word_1_234' title='bbox 343 3107 397 3171; x_wconf 92' lang='lat' dir='ltr'>pro</span> <span class='ocrx_word' id='word_1_235' title='bbox 409 3087 562 3175; x_wconf 88' lang='lat' dir='ltr'>Vesperis</span> <span class='ocrx_word' id='word_1_236' title='bbox 575 3095 684 3153; x_wconf 92' lang='lat' dir='ltr'>autem</span> <span class='ocrx_word' id='word_1_237' title='bbox 697 3106 735 3152; x_wconf 84' lang='lat' dir='ltr'>ex</span> <span class='ocrx_word' id='word_1_238' title='bbox 747 3087 897 3154; x_wconf 90' lang='lat' dir='ltr'>secundis</span> <span class='ocrx_word' id='word_1_239' title='bbox 909 3088 1070 3174; x_wconf 88' lang='lat' dir='ltr'>Vesperis.</span> <span class='ocrx_word' id='word_1_240' title='bbox 1085 3090 1131 3155; x_wconf 80' lang='lat' dir='ltr'>Ac</span> <span class='ocrx_word' id='word_1_241' title='bbox 1148 3089 1172 3153; x_wconf 90' lang='lat' dir='ltr'>si</span> <span class='ocrx_word' id='word_1_242' title='bbox 1192 3086 1375 3172; x_wconf 81' lang='lat' dir='ltr'>Antiphona</span> 
     </span>
     <span class='ocr_line' id='line_1_31' title="bbox 343 3174 1373 3261; baseline 0.002 -25"><span class='ocrx_word' id='word_1_243' title='bbox 343 3176 493 3242; x_wconf 78' lang='lat' dir='ltr'>varianda</span> <span class='ocrx_word' id='word_1_244' title='bbox 517 3176 560 3240; x_wconf 91' lang='lat' dir='ltr'>sit</span> <span class='ocrx_word' id='word_1_245' title='bbox 583 3175 623 3240; x_wconf 96' lang='lat' dir='ltr'>ob</span> <span class='ocrx_word' id='word_1_246' title='bbox 648 3176 885 3241; x_wconf 89' lang='lat' dir='ltr'>occurrentiam</span> <span class='ocrx_word' id='word_1_247' title='bbox 910 3174 1011 3241; x_wconf 86' lang='lat' dir='ltr'>Oliicii</span> <span class='ocrx_word' id='word_1_248' title='bbox 1028 3176 1174 3261; x_wconf 82' lang='lat' dir='ltr'>ejusdcm</span> <span class='ocrx_word' id='word_1_249' title='bbox 1197 3175 1373 3260; x_wconf 75' lang='lat' dir='ltr'>qualitatis,</span> 
     </span>
     <span class='ocr_line' id='line_1_32' title="bbox 345 3261 1370 3349; baseline -0.002 -21"><span class='ocrx_word' id='word_1_250' title='bbox 345 3271 418 3330; x_wconf 90' lang='lat' dir='ltr'>tunc</span> <span class='ocrx_word' id='word_1_251' title='bbox 442 3265 475 3329; x_wconf 91' lang='lat' dir='ltr'>in</span> <span class='ocrx_word' id='word_1_252' title='bbox 498 3263 660 3330; x_wconf 85' lang='lat' dir='ltr'>Laudibus</span> <span class='ocrx_word' id='word_1_253' title='bbox 684 3263 844 3348; x_wconf 88' lang='lat' dir='ltr'>accipitur</span> <span class='ocrx_word' id='word_1_254' title='bbox 859 3284 898 3329; x_wconf 83' lang='lat' dir='ltr'>ex</span> <span class='ocrx_word' id='word_1_255' title='bbox 914 3264 1064 3330; x_wconf 84' lang='lat' dir='ltr'>secundis</span> <span class='ocrx_word' id='word_1_256' title='bbox 1080 3263 1241 3349; x_wconf 88' lang='lat' dir='ltr'>Vesperis‚</span> <span class='ocrx_word' id='word_1_257' title='bbox 1266 3262 1297 3327; x_wconf 91' lang='lat' dir='ltr'>in</span> <span class='ocrx_word' id='word_1_258' title='bbox 1313 3261 1370 3326; x_wconf 90' lang='lat' dir='ltr'>Vc·</span> 
     </span>
     <span class='ocr_line' id='line_1_33' title="bbox 344 3349 1371 3437; baseline -0.004 -21"><span class='ocrx_word' id='word_1_259' title='bbox 344 3354 447 3436; x_wconf 81' lang='lat' dir='ltr'>aperis</span> <span class='ocrx_word' id='word_1_260' title='bbox 471 3360 579 3418; x_wconf 88' lang='lat' dir='ltr'>autern</span> <span class='ocrx_word' id='word_1_261' title='bbox 600 3371 638 3418; x_wconf 82' lang='lat' dir='ltr'>cx</span> <span class='ocrx_word' id='word_1_262' title='bbox 654 3351 828 3426; x_wconf 85' lang='lat' dir='ltr'>Laudibus,</span> <span class='ocrx_word' id='word_1_263' title='bbox 853 3359 886 3417; x_wconf 91' lang='lat' dir='ltr'>ot</span> <span class='ocrx_word' id='word_1_264' title='bbox 909 3352 1079 3437; x_wconf 88' lang='lat' dir='ltr'>utrobique</span> <span class='ocrx_word' id='word_1_265' title='bbox 1102 3370 1176 3417; x_wconf 90' lang='lat' dir='ltr'>cum</span> <span class='ocrx_word' id='word_1_266' title='bbox 1198 3349 1227 3429; x_wconf 69' lang='lat' dir='ltr'>i.</span> <span class='ocrx_word' id='word_1_267' title='bbox 1245 3369 1282 3414; x_wconf 83' lang='lat' dir='ltr'>cx</span> <span class='ocrx_word' id='word_1_268' title='bbox 1307 3349 1371 3434; x_wconf 88' lang='lat' dir='ltr'>pri·</span> 
     </span>
     <span class='ocr_line' id='line_1_34' title="bbox 341 3435 1372 3526; baseline -0.003 -21"><span class='ocrx_word' id='word_1_269' title='bbox 341 3441 400 3506; x_wconf 86' lang='lat' dir='ltr'>mis</span> <span class='ocrx_word' id='word_1_270' title='bbox 426 3440 589 3525; x_wconf 86' lang='lat' dir='ltr'>Vesperis.</span> <span class='ocrx_word' id='word_1_271' title='bbox 614 3438 652 3505; x_wconf 92' lang='lat' dir='ltr'>ln·</span> <span class='ocrx_word' id='word_1_272' title='bbox 673 3460 750 3505; x_wconf 88' lang='lat' dir='ltr'>casu</span> <span class='ocrx_word' id='word_1_273' title='bbox 774 3446 884 3505; x_wconf 88' lang='lat' dir='ltr'>autem</span> <span class='ocrx_word' id='word_1_274' title='bbox 906 3460 969 3524; x_wconf 87' lang='lat' dir='ltr'>quo</span> <span class='ocrx_word' id='word_1_275' title='bbox 1001 3439 1158 3526; x_wconf 86' lang='lat' dir='ltr'>ejusmodi</span> <span class='ocrx_word' id='word_1_276' title='bbox 1181 3435 1372 3522; x_wconf 76' lang='lat' dir='ltr'>Antiphone</span> 
     </span>
     <span class='ocr_line' id='line_1_35' title="bbox 341 3523 1373 3614; baseline -0.004 -21"><span class='ocrx_word' id='word_1_277' title='bbox 341 3535 372 3593; x_wconf 88' lang='lat' dir='ltr'>et</span> <span class='ocrx_word' id='word_1_278' title='bbox 393 3528 443 3612; x_wconf 69' lang='lat' dir='ltr'>pp.</span> <span class='ocrx_word' id='word_1_279' title='bbox 466 3527 533 3614; x_wconf 70' lang='lat' dir='ltr'>iam</span> <span class='ocrx_word' id='word_1_280' title='bbox 557 3535 631 3595; x_wconf 90' lang='lat' dir='ltr'>anto</span> <span class='ocrx_word' id='word_1_281' title='bbox 664 3526 784 3595; x_wconf 88' lang='lat' dir='ltr'>inerint</span> <span class='ocrx_word' id='word_1_282' title='bbox 807 3526 954 3605; x_wconf 87' lang='lat' dir='ltr'>adhibiti,</span> <span class='ocrx_word' id='word_1_283' title='bbox 978 3536 1052 3594; x_wconf 91' lang='lat' dir='ltr'>tunc</span> <span class='ocrx_word' id='word_1_284' title='bbox 1089 3526 1270 3593; x_wconf 86' lang='lat' dir='ltr'>servabitur</span> <span class='ocrx_word' id='word_1_285' title='bbox 1293 3523 1373 3590; x_wconf 85' lang='lat' dir='ltr'>ordo</span> 
     </span>
     <span class='ocr_line' id='line_1_36' title="bbox 340 3616 727 3682; baseline 0.005 -2"><span class='ocrx_word' id='word_1_286' title='bbox 340 3616 479 3682; x_wconf 87' lang='lat' dir='ltr'>traditus</span> <span class='ocrx_word' id='word_1_287' title='bbox 504 3636 532 3681; x_wconf 93' lang='lat' dir='ltr'>c.</span> <span class='ocrx_word' id='word_1_288' title='bbox 558 3617 588 3681; x_wconf 85' lang='grc'>6.</span> <span class='ocrx_word' id='word_1_289' title='bbox 615 3634 647 3681; x_wconf 92' lang='lat' dir='ltr'>n.</span> <span class='ocrx_word' id='word_1_290' title='bbox 674 3616 727 3682; x_wconf 89' lang='lat' dir='ltr'>to.</span> 
     </span>
    </p>

    <p class='ocr_par' dir='ltr' id='par_1_3' title="bbox 334 3700 1373 4146">
     <span class='ocr_line' id='line_1_37' title="bbox 381 3700 1371 3784; baseline -0.003 -15"><span class='ocrx_word' id='word_1_291' title='bbox 381 3705 420 3771; x_wconf 91' lang='lat' dir='ltr'>V.</span> <span class='ocrx_word' id='word_1_292' title='bbox 444 3703 581 3784; x_wconf 82' lang='lat' dir='ltr'>Quando</span> <span class='ocrx_word' id='word_1_293' title='bbox 607 3705 641 3769; x_wconf 88' lang='lat' dir='ltr'>tit</span> <span class='ocrx_word' id='word_1_294' title='bbox 666 3702 814 3771; x_wconf 87' lang='lat' dir='ltr'>Ollicium</span> <span class='ocrx_word' id='word_1_295' title='bbox 830 3705 879 3771; x_wconf 84' lang='lat' dir='ltr'>vel</span> <span class='ocrx_word' id='word_1_296' title='bbox 897 3705 1165 3771; x_wconf 85' lang='lat' dir='ltr'>Commemoratio</span> <span class='ocrx_word' id='word_1_297' title='bbox 1182 3703 1214 3770; x_wconf 92' lang='lat' dir='ltr'>S.</span> <span class='ocrx_word' id='word_1_298' title='bbox 1240 3700 1371 3769; x_wconf 88' lang='lat' dir='ltr'>Patroni</span> 
     </span>
     <span class='ocr_line' id='line_1_38' title="bbox 338 3791 1373 3880; baseline -0.001 -23"><span class='ocrx_word' id='word_1_299' title='bbox 338 3794 388 3859; x_wconf 88' lang='lat' dir='ltr'>rel</span> <span class='ocrx_word' id='word_1_300' title='bbox 411 3793 577 3869; x_wconf 78' lang='lat' dir='ltr'>&#39;l&#39;itnlaris</span> <span class='ocrx_word' id='word_1_301' title='bbox 602 3801 678 3860; x_wconf 88' lang='lat' dir='ltr'>tunc</span> <span class='ocrx_word' id='word_1_302' title='bbox 701 3793 770 3879; x_wconf 85' lang='lat' dir='ltr'>ejus</span> <span class='ocrx_word' id='word_1_303' title='bbox 794 3791 989 3878; x_wconf 76' lang='lat' dir='ltr'>suffragium</span> <span class='ocrx_word' id='word_1_304' title='bbox 1012 3794 1217 3880; x_wconf 79' lang='lat' dir='ltr'>praetermitti</span> <span class='ocrx_word' id='word_1_305' title='bbox 1240 3811 1373 3879; x_wconf 78' lang='lat' dir='ltr'>pacasse</span> 
     </span>
     <span class='ocr_line' id='line_1_39' title="bbox 335 3878 1372 3970; baseline -0.005 -21"><span class='ocrx_word' id='word_1_306' title='bbox 335 3891 404 3958; x_wconf 85' lang='lat' dir='ltr'>est,</span> <span class='ocrx_word' id='word_1_307' title='bbox 423 3901 465 3947; x_wconf 89' lang='lat' dir='ltr'>ne</span> <span class='ocrx_word' id='word_1_308' title='bbox 488 3883 538 3947; x_wconf 92' lang='lat' dir='ltr'>bis</span> <span class='ocrx_word' id='word_1_309' title='bbox 563 3881 602 3946; x_wconf 92' lang='lat' dir='ltr'>dc</span> <span class='ocrx_word' id='word_1_310' title='bbox 624 3881 737 3948; x_wconf 90' lang='lat' dir='ltr'>eodem</span> <span class='ocrx_word' id='word_1_311' title='bbox 762 3891 886 3966; x_wconf 81' lang='lat' dir='ltr'>agatur.</span> <span class='ocrx_word' id='word_1_312' title='bbox 912 3882 1007 3948; x_wconf 80' lang='lat' dir='ltr'>llnbr.</span> <span class='ocrx_word' id='word_1_313' title='bbox 1030 3882 1132 3970; x_wconf 85' lang='lat' dir='ltr'>pacni.</span> <span class='ocrx_word' id='word_1_314' title='bbox 1157 3879 1277 3950; x_wconf 74' lang='lat' dir='ltr'>nata</span> <span class='ocrx_word' id='word_1_315' title='bbox 1302 3878 1372 3945; x_wconf 82' lang='lat' dir='ltr'>Non</span> 
     </span>
     <span class='ocr_line' id='line_1_40' title="bbox 336 3968 1370 4053; baseline -0.005 -17"><span class='ocrx_word' id='word_1_316' title='bbox 336 3971 501 4037; x_wconf 88' lang='lat' dir='ltr'>omittitur</span> <span class='ocrx_word' id='word_1_317' title='bbox 527 3980 632 4036; x_wconf 92' lang='lat' dir='ltr'>tamen</span> <span class='ocrx_word' id='word_1_318' title='bbox 664 3969 859 4053; x_wconf 80' lang='lat' dir='ltr'>Srtdraginm</span> <span class='ocrx_word' id='word_1_319' title='bbox 884 3969 917 4035; x_wconf 88' lang='lat' dir='ltr'>B.</span> <span class='ocrx_word' id='word_1_320' title='bbox 944 3971 983 4035; x_wconf 87' lang='lat' dir='ltr'>tt.</span> <span class='ocrx_word' id='word_1_321' title='bbox 1007 3969 1042 4034; x_wconf 91' lang='lat' dir='ltr'>V.</span> <span class='ocrx_word' id='word_1_322' title='bbox 1068 3971 1122 4036; x_wconf 91' lang='lat' dir='ltr'>ubi</span> <span class='ocrx_word' id='word_1_323' title='bbox 1147 3980 1196 4048; x_wconf 87' lang='lat' dir='ltr'>est</span> <span class='ocrx_word' id='word_1_324' title='bbox 1229 3968 1370 4034; x_wconf 87' lang='lat' dir='ltr'>Patrona</span> 
     </span>
     <span class='ocr_line' id='line_1_41' title="bbox 334 4055 1370 4146; baseline -0.004 -22"><span class='ocrx_word' id='word_1_325' title='bbox 334 4060 389 4126; x_wconf 84' lang='lat' dir='ltr'>vel</span> <span class='ocrx_word' id='word_1_326' title='bbox 411 4058 578 4141; x_wconf 76' lang='lat' dir='ltr'>Vitularia,</span> <span class='ocrx_word' id='word_1_327' title='bbox 603 4059 732 4126; x_wconf 90' lang='lat' dir='ltr'>tametsi</span> <span class='ocrx_word' id='word_1_328' title='bbox 756 4059 883 4125; x_wconf 69' lang='lat' dir='ltr'>dicatur</span> <span class='ocrx_word' id='word_1_329' title='bbox 905 4059 975 4144; x_wconf 78' lang='lat' dir='ltr'>ejus</span> <span class='ocrx_word' id='word_1_330' title='bbox 998 4057 1143 4125; x_wconf 88' lang='lat' dir='ltr'>Ollioium</span> <span class='ocrx_word' id='word_1_331' title='bbox 1168 4074 1312 4146; x_wconf 85' lang='lat' dir='ltr'>parvum.</span> <span class='ocrx_word' id='word_1_332' title='bbox 1336 4055 1370 4121; x_wconf 90' lang='lat' dir='ltr'>S.</span> 
     </span>
    </p>
   </div>
   <div class='ocr_carea' id='block_1_3' title="bbox 0 0 1746 4875">
    <p class='ocr_par' dir='ltr' id='par_1_4' title="bbox 0 0 1746 4875">
     <span class='ocr_line' id='line_1_42' title="bbox 0 0 1746 4875; baseline 0 0"><span class='ocrx_word' id='word_1_333' title='bbox 0 0 1746 4875; x_wconf 95' lang='lat' dir='ltr'> </span> 
     </span>
    </p>
   </div>
  </div>
 </body>
</html>
