3484 4875
696 619 942 690 ANNOTANDA

425 825 456 871 ru
471 824 631 871 uouvnrcns
648 826 684 871 er
700 825 803 871 rennes
819 826 856 870 no
873 825 987 871 ocrnvn
1003 825 1204 872 rnnrucosrns

621 929 735 993 uscue
755 941 799 985 ao
822 941 1010 986 nuvnnvuu

345 1160 375 1225 l.
401 1156 434 1223 Si
457 1161 489 1224 in
520 1160 693 1225 Dominicis
724 1162 763 1227 ab
788 1160 906 1228 Octava
938 1163 1141 1227 Pentecostes
1166 1179 1266 1245 usque
1299 1159 1340 1225 ad

275 1246 457 1313 Adventum
475 1259 622 1314 occurrat
638 1249 768 1315 Festum
785 1252 914 1336 aliquod
931 1252 1048 1336 duplex
1063 1252 1112 1316 vel
1131 1249 1197 1315 dies
1214 1248 1344 1324 Octava,

277 1334 426 1403 Ollioium
449 1336 487 1401 de
511 1336 603 1402 resto
628 1339 785 1422 agendum
809 1347 859 1405 est
881 1342 931 1405 vel
955 1340 993 1405 de
1025 1339 1075 1403 die
1107 1337 1246 1413 Octava,
1271 1356 1345 1402 cum

276 1427 582 1492 commemoratione
597 1426 770 1493 Dominicoe
786 1429 818 1492 in
836 1429 979 1513 utrisque
995 1427 1143 1513 Vesperis
1160 1425 1344 1513 (dummodo

276 1514 384 1600 quoad
407 1514 562 1580 secundas
578 1513 734 1601 Vesperas
759 1537 821 1582 non
845 1525 998 1602 sequatur
1015 1516 1131 1601 duplex
1154 1516 1265 1600 primm
1289 1521 1345 1580 aut

275 1601 427 1668 secundm
452 1601 597 1689 classis),
621 1604 781 1670 Laudibus
805 1615 837 1670 et
860 1606 972 1680 llissa;
994 1604 1033 1669 ad
1057 1604 1246 1670 Matutinum
1270 1622 1345 1667 vero

275 1690 463 1777 adjungitur
478 1712 562 1757 nona
574 1692 681 1757 Lectio
699 1693 737 1758 de
753 1694 883 1759 homilia
898 1691 1079 1771 Dominicae,
1093 1701 1124 1758 et
1137 1692 1344 1775 Evangelium

276 1781 308 1844 in
334 1780 439 1845 Missae
462 1780 533 1845 fine.
558 1780 652 1846 vabr.
678 1782 766 1847 Brco.
792 1783 835 1847 tit.
860 1784 882 1848 d
904 1806 934 1848 n.
961 1784 976 1846 l
1004 1791 1032 1846 et
1056 1782 1101 1848 tit,
1126 1783 1145 1847 9
1169 1805 1199 1846 n.
1224 1781 1243 1845 5
1272 1789 1301 1845 ot
1323 1780 1343 1845 9

228 1903 230 1908 ·
278 1889 315 1933 ac
340 1868 436 1933 Bribr.
460 1867 542 1933 Miss.
568 1871 612 1933 tit.
638 1871 656 1934 7
680 1893 710 1934 n.
736 1873 751 1935 l
779 1881 808 1936 et
832 1871 876 1937 nt.
904 1871 943 1935 lb
967 1894 997 1936 ns.
1020 1871 1052 1936 h.

315 1956 375 2021 ·2.
399 1957 447 2021 Ab
472 1956 589 2022 Octava
613 1958 816 2024 Pentecostes
835 1967 934 2044 usque
958 1960 998 2024 ad
1021 1959 1199 2024 Adventum
1222 1959 1254 2023 in
1271 1955 1342 2021 Offi-

276 2045 326 2109 cio
352 2044 392 2109 de
408 2045 564 2131 Tempore
581 2045 801 2113 Invitatorium
824 2058 856 2113 et
884 2048 999 2135 Hymni
1022 2055 1174 2133 petuntur
1197 2067 1234 2111 ex
1258 2046 1345 2111 Psal-

276 2133 375 2208 terio;
392 2134 448 2199 sed
464 2135 495 2198 in
512 2135 684 2199 Dominicis
701 2135 740 2199 ab
758 2137 813 2200 illa
830 2134 948 2201 Octava
972 2156 1072 2220 usque
1089 2136 1129 2199 ad
1145 2135 1345 2199 dominicam

275 2223 460 2309 propiorem
483 2222 633 2288 Kalendis
657 2221 805 2289 Octobris
829 2223 869 2288 ad
893 2224 1081 2288 ldatutinum
1105 2224 1259 2288 recitatur
1283 2222 1344 2309 Hy·

275 2330 371 2376 mnus
394 2310 489 2376 Nocte
511 2322 676 2397 crementes,
700 2320 732 2377 et
755 2312 795 2377 ad
817 2312 941 2377 Laudes
964 2311 1042 2376 Ecce
1059 2314 1130 2397 jorn
1154 2311 1249 2375 noctis
1272 2309 1344 2396 (ex-

275 2407 370 2486 cepta
393 2399 557 2466 Dominica
574 2398 656 2466 inira
672 2399 824 2467 Octavam
848 2401 998 2487 Corporis
1023 2398 1177 2486 Christi);
1202 2397 1344 2464 allomi·

275 2490 348 2554 nica
364 2496 471 2554 autem
488 2490 637 2575 propiore
652 2490 803 2555 Kalendis
816 2489 963 2556 Octobris
980 2509 1081 2576 usque
1098 2489 1137 2553 ad
1154 2487 1344 2564 Adventum,

275 2577 483 2731 slprbptituptur
505 2578 647 2665 Hymnus
664 2579 771 2644 Primo
795 2580 854 2655 die,
879 2588 910 2644 et
934 2580 973 2644 ad
996 2577 1119 2643 Laudes
1136 2575 1265 2643 AEterne
1281 2584 1342 2647 etc.

307 2688 329 2732 u
351 2687 378 2731 r.
403 2689 413 2729 r
435 2689 455 2731 c.

310 2762 317 2779 ·
344 2754 374 2818 5.
399 2753 589 2840 Antiphouce
612 2775 650 2820 ex
672 2756 763 2821 libris
787 2756 932 2841 Regum,
957 2754 1052 2822 ducto
1075 2755 1166 2820 initio
1189 2753 1228 2820 ab
1253 2753 1342 2818 Anti·

276 2841 384 2929 phona
403 2843 623 2930 chnooernot,
646 2845 752 2911 locum
775 2846 893 2911 habent
916 2847 948 2911 in
972 2845 1084 2932 primis
1107 2843 1256 2931 Vesperis
1281 2842 1342 2908 Ilo·

274 2932 403 2996 minicae
426 2932 466 2997 ad
488 2932 688 3020 Mopnificot,
712 2935 761 2999 vel
784 2955 842 3021 pro
866 2936 953 3000 illius
978 2934 1298 3009 commemoratione,
1323 2951 1341 2996 a

275 3019 443 3086 Dominica
472 3024 567 3086 tertia
596 3030 669 3106 post
698 3022 908 3090 Pentecosten
944 3043 1043 3109 usque
1075 3023 1115 3087 ad
1144 3022 1344 3087 Dominicam

276 3109 414 3196 primam
437 3109 586 3192 Augusti;
603 3110 662 3175 hac
685 3131 759 3176 vero
784 3114 981 3188 adveniente,
1005 3113 1032 3178 si
1056 3131 1117 3196 qua
1135 3132 1172 3176 ex
1195 3111 1259 3175 illis
1283 3110 1345 3173 An-

275 3197 418 3283 tiphonis
441 3200 595 3283 supersit,
618 3201 798 3276 omittitur;
823 3210 855 3266 et
879 3201 1070 3266 adhibentur
1093 3199 1282 3284 Antiphonae
1306 3218 1343 3262 ex
1398 3239 1403 3259 .

275 3287 369 3352 libris
393 3285 639 3373 Sapientialibus
662 3297 722 3353 etc.
748 3297 782 3354 ut
809 3291 841 3355 in
865 3289 1049 3363 breviario,
1080 3286 1165 3351 lacto
1190 3287 1279 3351 initio
1303 3286 1342 3350 ab

275 3374 458 3460 Antiphcna
481 3376 639 3463 Sapientia
663 3377 827 3464 aedificcoit
849 3378 907 3442 sibi
929 3377 1066 3441 domum.
1084 3375 1164 3440 Item
1188 3374 1226 3439 de
1250 3373 1342 3438 libris

276 3462 399 3548 Regum
415 3462 580 3529 Lectiones
596 3475 766 3531 sumuntur
789 3487 807 3531 a
831 3466 922 3531 Feria
940 3464 1078 3530 secunda
1102 3470 1175 3550 post
1191 3461 1343 3528 Octavam

275 3552 482 3619 Pentecostes
505 3573 604 3638 usque
622 3553 661 3619 ad
677 3553 876 3620 Dominicam
898 3556 1036 3640 primam
1053 3552 1188 3637 Augusti
1210 3549 1262 3638 (*);
1281 3569 1343 3634 qua

331 3843 367 3925 (⁶)
386 3847 417 3906 ln
439 3846 580 3927 ejusmodi
612 3845 795 3908 Lectionibus
826 3845 946 3908 mirifice
975 3845 1187 3924 praesignantur
1217 3851 1346 3906 cruentae

274 3924 486 3993 insectationes,
502 3945 573 4006 quas
590 3926 650 4007 jam
673 3927 739 3987 inde
761 3927 797 3987 ab
819 3925 949 3998 exordio,
967 3925 1040 3986 idest
1060 3944 1126 3986 nrox
1142 3933 1205 4004 post
1219 3923 1345 4002 Spiritus

275 4005 372 4066 Sancti
395 4005 529 4085 illapsum
553 4025 690 4085 perpessa
711 4015 755 4067 cst
769 4006 873 4068 Christi
889 4006 1025 4077 Ecclesia,
1040 4025 1163 4086 quaeque
1184 4013 1290 4066 tantam
1311 4002 1341 4066 iu

274 4087 435 4164 llartyrum
455 4086 585 4148 exercito
608 4086 731 4166 gloriam
752 4093 938 4169 pepererunt.
959 4087 1010 4148 Sic
1029 4087 1123 4167 ferme
1141 4087 1292 4149 Telemus.
