3484 4875
610 513 831 563 nouornrmnns
848 512 1073 560 rnresrnsunn
1286 492 1349 562 tto

359 611 391 682 S.
403 619 526 687 Matbiae
549 619 693 707 Apostoli
716 620 760 687 24
783 620 956 697 Februarii,
981 628 1102 687 mutato
1126 619 1271 695 nomine3
1296 622 1369 706 quia

361 720 463 797 nempe
487 718 536 775 est
560 711 670 776 eadem
695 730 766 777 cum
790 710 920 776 Secreta
944 710 1065 794 Vigiliae
1089 708 1120 774 S.
1142 706 1282 774 loannis.
1306 711 1370 775 llu-

363 800 439 863 tatur
469 807 577 864 autem
599 800 655 865 illa
678 802 783 886 potius
814 818 910 884 quam
933 799 1017 874 ista,
1049 806 1159 864 contra
1183 800 1277 883 atque
1308 798 1371 864 lert

365 889 530 953 eommunis
554 890 676 972 regula,
693 910 731 953 ex
754 888 907 975 peculiari
931 886 1068 952 situ.
1093 887 1311 973 dispositione.
1336 888 1367 953 S.

361 972 390 1039 M.
415 975 445 1041 θ.
472 976 513 1041 lb
538 978 616 1061 Any.
642 977 728 1042 1851
751 978 782 1041 irc
805 976 969 1041 Lucionen.
995 976 1036 1039 nd
1057 976 1112 1041 ne.

331 1053 472 1130 2-1.
497 1065 556 1131 Ubi
581 1066 708 1131 Mestum
733 1064 764 1130 S.
789 1066 917 1130 Antonii
941 1064 1082 1130 Patavini
1107 1064 1226 1151 jejunio
1249 1084 1368 1151 praeve·

356 1153 458 1229 nitur,
492 1155 519 1218 si
554 1153 614 1220 bac
649 1155 698 1220 die
730 1154 770 1219 tn
800 1154 930 1220 Festum
959 1164 1105 1219 recurrat
1132 1153 1188 1219 SS.
1220 1154 1369 1239 Corporis

355 1239 480 1317 Christi,
504 1252 632 1328 oporiet
651 1244 805 1330 jejunium
829 1244 932 1329 pridie
955 1243 1131 1328 anticipari.
1156 1244 1187 1307 S.
1212 1242 1247 1307 li.
1268 1243 1299 1308 C.
1324 1241 1368 1307 11

351 1326 424 1415 Moj.
451 1331 536 1397 16511
559 1336 591 1395 in
613 1356 675 1397 eron
702 1332 774 1397 ord.
798 1332 873 1397 Mirr.
900 1331 1164 1397 Conventnala'um.

392 1419 430 1484 ll.
455 1419 489 1484 Si
517 1421 633 1487 alicubi
656 1422 791 1486 Sacrum
809 1422 868 1493 ,1151
899 1420 948 1486 Ss.
973 1419 1119 1485 Basilidis
1147 1426 1179 1485 et
1201 1418 1368 1485 Sociorum

350 1505 535 1595 Martyrum,
559 1509 638 1576 illud
662 1520 711 1576 cst
733 1519 767 1575 ut
784 1510 822 1574 'in
846 1510 964 1575 Missali
989 1508 1048 1574 hac
1072 1508 1132 1573 die.

328 1591 359 1661 5.
370 1631 413 1644 -
431 1598 524 1682 Apud
540 1619 598 1664 nos
615 1600 646 1664 in
663 1597 756 1687 Festo
773 1597 805 1663 S.
819 1599 949 1664 Antonii
965 1597 1117 1675 Patavini,
1130 1596 1291 1662 conclusio
1308 1595 1368 1682 Hy·

351 1703 499 1750 mnorum
516 1686 557 1752 ad
573 1688 740 1774 vesperae,
763 1688 952 1754 Matutinum
969 1707 1006 1752 ac
1021 1686 1155 1761 Laudes,
1172 1694 1281 1772 utpote
1297 1704 1368 1771 pro·

349 1775 430 1859 pria,
444 1795 606 1861 nunquam
618 1777 802 1842 variabitur.
816 1775 889 1840 Vide
902 1776 983 1841 dicto
995 1776 1026 1839 io
1039 1775 1120 1840 diem
1133 1775 1173 1839 bb
1187 1774 1257 1839 don.
1267 1797 1296 1839 n.
1309 1774 1327 1839 l
1332 1772 1366 1838 V.

328 1858 358 1925 5.
372 1862 487 1929 —Ubi
502 1864 534 1929 S.
547 1865 637 1930 Vitus
653 1873 702 1931 est
715 1864 900 1951 principalis
917 1864 1074 1929 Patronus
1090 1865 1137 1928 vel
1150 1862 1311 1938 Titularis,
1329 1862 1370 1928 de

347 1950 416 2036 ipso
434 1972 497 2017 uno
515 1950 659 2019 Officium
680 1956 796 2038 agitur,
812 1961 848 2018 ut
871 1955 904 2019 in
921 1952 1086 2018 Communi
1110 1952 1203 2017 unins
1219 1951 1368 2038 Martyris

348 2040 451 2125 primo
469 2042 550 2115 loeo;
564 2042 618 2107 sed
632 2042 796 2108 Lectiones
813 2041 909 2129 primi
920 2042 1074 2107 Nocturni
1090 2049 1164 2106 sunt
1176 2037 1305 2105 Fratres
1316 2039 1368 2105 de·

348 2127 469 2202 bilorna
482 2129 613 2195 secundi
629 2132 732 2217 prima
748 2140 780 2196 et
795 2129 936 2196 secunda
951 2130 1088 2216 proprian
1106 2135 1139 2194 ut
1156 2129 1187 2193 in
1205 2128 1365 2194 breviario

347 2215 408 2282 hac
433 2217 494 2295 die,
511 2220 605 2284 tertia
629 2220 667 2285 de
684 2220 850 2285 Communi
873 2226 909 2285 ut
932 2238 1044 2304 supra;
1061 2217 1147 2282 tertii
1171 2216 1210 2280 de
1233 2215 1366 2283 bomilia

346 2304 379 2369 in
402 2304 608 2391 llvangelium
632 2308 693 2385 oet
714 2331 765 2375 uos
788 2307 886 2385 ondit,
909 2315 945 2374 ut
966 2310 998 2372 in
1020 2305 1187 2371 Octavario
1211 2304 1363 2371 Romano.

346 2391 441 2459 Missa
465 2403 515 2461 est
536 2394 706 2463 Laetobitnr
730 2398 768 2464 de
785 2396 961 2473 Communi,
978 2415 1049 2462 oum
1066 2394 1269 2461 Orationibus
1294 2414 1366 2481 pro·

346 2483 424 2568 priis
448 2484 520 2570 (nbi
543 2487 718 2552 reticentur
740 2486 906 2552 Sociorum
930 2486 1069 2561 nomina,
1093 2485 1131 2549 de
1155 2483 1269 2569 quibus
1285 2484 1365 2551 nibil

347 2569 410 2658 lit),
434 2581 467 2636 et
489 2573 659 2658 Evangelio
679 2575 738 2652 Oui
759 2597 810 2640 eos
833 2575 931 2650 ondit,
955 2574 1045 2640 utin
1068 2573 1187 2640 Missali
1211 2572 1364 2639 hodierna

346 2657 407 2724 die.
424 2659 455 2725 S.
480 2660 515 2725 lt.
537 2662 567 2728 C.
594 2663 634 2728 lb
651 2664 730 2750 Aup.
757 2663 1075 2729 18511515515555.
1099 2663 1141 2728 od
1164 2661 1364 2728 1105555515

344 2749 440 2812 ctiam
471 2771 496 2814 c.
522 2750 541 2815 1
564 2773 594 2816 n.
619 2752 661 2818 16
694 2761 723 2817 et
747 2754 798 2818 to.
821 2790 865 2801 -
888 2751 946 2821 Ubi
970 2751 1019 2818 Ss.
1042 2751 1106 2817 Viti
1138 2759 1170 2816 et
1196 2750 1365 2818 Sociorum

345 2836 526 2903 celebretur
548 2838 676 2905 Festum
708 2842 767 2907 sub
790 2841 853 2907 ritu
877 2842 1035 2928 simplici,
1067 2840 1194 2907 attende
1218 2861 1288 2926 quae
1312 2861 1370 2906 ex·.

345 2925 517 3010 plicuimus
540 2928 599 2993 sub
623 2929 673 2994 die
698 2929 741 2996 11
757 2930 876 3017 Aprilis
899 2951 929 2995 n.
947 2930 1000 2996 lll.
1017 2929 1097 2996 Turn
1121 2930 1247 3015 legetur
1269 2929 1364 2995 Missa

344 3032 415 3098 quae
447 3016 577 3101 propria
608 3025 694 3084 extat
723 3019 756 3084 in
787 3016 917 3085 Missali.
941 3019 983 3086 dt
1013 3019 1067 3084 ubi
1089 3017 1218 3084 Festum
1251 3025 1365 3103 agatur

329 3112 457 3168 'novem
481 3103 676 3184 Lectionum,
701 3107 786 3193 quod
809 3109 937 3174 nonsit
960 3108 1075 3194 duplex
1097 3108 1209 3194 prima
1232 3107 1363 3183 5155515,

343 3187 392 3256 Ss.
417 3190 592 3278 Martyrum
623 3195 788 3262 dumtaxat
811 3196 1105 3263 commemorationi
1133 3196 1227 3262 datur
1250 3196 1362 3272 locus,

345 3286 376 3345 et
397 3299 482 3345 nona
499 3281 606 3369 Lectio
629 3303 667 3350 ex
689 3284 772 3352 binis
797 3305 907 3351 eorum
930 3283 1132 3350 Lectionibus
1149 3284 1360 3368 componitur.

328 3361 353 3432 t.
374 3403 420 3416 -
442 3368 476 3432 Si
508 3368 653 3438 Officium
681 3371 730 3439 Ss.
754 3374 852 3440 Marci
884 3381 916 3438 et
938 3373 1131 3439 Marcelliani
1162 3372 1360 3458 Martyrum,

344 3458 588 3541 persolvendum
611 3462 673 3537 sit,
707 3463 814 3546 relege
836 3462 1024 3548 praescripta
1058 3461 1166 3547 paullo
1200 3468 1273 3525 ante
1302 3459 1361 3525 sub

345 3541 392 3611 die
416 3566 510 3612 nona.
527 3547 633 3627 Missa,
651 3559 685 3616 ut
706 3551 737 3615 in
759 3551 877 3616 Missali
900 3549 960 3616 bac
983 3550 1044 3626 die,
1059 3549 1189 3636 propria
1212 3547 1339 3633 legitur.

329 3624 476 3700 1.-15
509 3636 603 3702 dubio
633 3658 673 3703 an
703 3638 735 3704 S.
768 3638 936 3704 Cervasius
966 3639 1009 3703 sit
1043 3638 1177 3705 seorsim
1209 3636 1360 3703 Titularis
1447 3702 1453 3726 ,

343 3716 502 3800 Ecclesia,
525 3727 573 3791 vel
597 3727 692 3793 simul
716 3748 788 3793 cum
811 3727 843 3793 S.
868 3728 1013 3793 Protasio
1038 3727 1231 3793 admodum
1255 3727 1359 3803 unius,

343 3811 366 3874 si
388 3821 595 3880 monumenta
628 3815 777 3882 deliciunt
808 3836 876 3883 rem
901 3815 1123 3892 declarantia,
1149 3814 1292 3882 Officium
1322 3815 1361 3882 dc

342 3901 408 3966 roto
432 3901 465 3966 S.
491 3900 639 3970 Gervasio
663 3914 713 3971 est
736 3904 968 3991 peragendum,
992 3905 1031 3970 de
1054 3904 1086 3970 S.
1111 3905 1256 3973 Protasio
1280 3902 1361 3971 nibil

340 3984 382 4054 lt.
406 3990 574 4057 Lectiones
598 3993 698 4080 primi
726 3993 881 4071 Nocturni
911 4002 1004 4060 erunt
1030 3991 1159 4059 Fratres
1188 3993 1360 4066 debitores;

337 4079 470 4148 secundi
493 4080 597 4166 prima
618 4082 749 4170 propria
765 4083 847 4151 utin
869 4083 1046 4160 Breviari03
1071 4083 1157 4150 tertii
1171 4082 1361 4150 descendens
