3484 4875
579 538 675 584 CAPUT
693 538 733 582 Ἡ.
752 538 790 582 [tn
808 532 1127 582 cenrtmnronnrlun'lnus
1328 513 1369 580 115

333 636 611 727 Quadragesimam
635 645 745 709 autin
769 644 970 709 Dominieam
993 643 1156 708 Adventus
1180 642 1317 726 primam
1341 645 1391 707 vel

331 730 487 796 secundam
512 739 568 797 aut
591 734 720 798 tertiam
743 753 815 817 quae
842 732 964 797 ineidat
987 740 1061 795 ante
1086 731 1169 795 diurn
1195 731 1234 794 17
1260 730 1391 795 Decem·

330 812 483 905 lt·is(imo
501 821 597 884 eliam
615 821 788 906 posthanc
813 820 896 885 diem
923 828 954 885 et
977 821 1010 883 in
1029 820 1226 884 [lominieam
1245 827 1393 903 quartam

327 920 413 987 penes
436 908 510 972 illos
535 909 589 993 qui
605 910 771 994 privilegio
789 907 940 973 fruuntur
957 907 1141 972 celebrandi
1159 906 1294 971 Octavus
1312 916 1391 971 lem-

326 1008 394 1074 pere
418 996 515 1059 vetito
532 994 554 1081 ),
578 998 674 1061 simul
699 1004 876 1061 occurrunt
900 996 967 1061 dies
985 994 1114 1070 Octava,
1134 1003 1164 1059 et
1183 994 1319 1060 Sanetus
1337 1014 1395 1079 per

324 1097 354 1145 se
375 1082 505 1168 duplam
523 1091 599 1149 tune
623 1086 649 1148 si
673 1086 704 1149 in
729 1084 870 1149 Sabbato
895 1084 1096 1169 persolutum
1120 1085 1162 1148 sit
1186 1081 1331 1147 Ollieium
1356 1083 1394 1146 de

323 1170 540 1256 semiduplici,
564 1172 603 1236 de
627 1174 697 1257 ipso
721 1174 864 1238 omnium
891 1173 994 1256 primo
1019 1173 1050 1236 in
1074 1171 1247 1255 Vesperis,
1283 1179 1394 1255 utpote

323 1274 387 1341 que
411 1258 551 1323 dimidiae
576 1260 615 1324 de
639 1281 675 1324 eo
700 1269 780 1325 actae
816 1269 913 1335 sunt,
951 1260 1214 1325 commemoratio
1249 1257 1396 1323 iacienda

320 1355 374 1421 est,
391 1346 506 1412 dehinc
523 1348 562 1412 de
583 1348 707 1414 duobus
731 1348 849 1413 Officiis
867 1368 938 1432 quae
955 1368 1089 1433 prorsus
1106 1347 1333 1432 impediuntur,
1357 1368 1394 1411 ae

319 1436 402 1516 prius
426 1435 558 1518 quidem
582 1436 621 1501 de
646 1432 697 1500 die
721 1435 854 1510 Octava,
880 1437 1084 1520 postmodnm
1110 1436 1148 1499 de
1173 1435 1291 1499 Sancto
1315 1455 1395 1520 prm-

319 1521 411 1587 dicto.
438 1524 472 1587 Si
496 1543 572 1588 vero
589 1524 721 1589 Festum
738 1526 770 1588 in
793 1524 933 1588 Salrbato
959 1525 1001 1588 sit
1026 1524 1164 1608 duplex,
1199 1525 1229 1586 iu
1256 1523 1324 1607 ejus
1349 1543 1395 1587 se-

319 1610 428 1675 cundis
442 1610 592 1697 Vesperis
607 1613 870 1676 commemoratio
884 1613 938 1675 fiet
950 1611 974 1675 l.
987 1612 1161 1676 llenrinicee
1176 1612 1394 1696 privilegiata.

319 1696 353 1763 ll.
379 1697 448 1762 lliei
473 1698 611 1766 Octavae.
637 1699 690 1764 111.
715 1698 825 1765 Sancti
849 1720 908 1785 per
930 1719 966 1763 se
990 1700 1136 1785 duplicis,
1173 1700 1269 1763 niter.
1292 1701 1394 1787 perrel.

319 1808 343 1851 e.
369 1785 411 1851 69
438 1796 467 1850 et
494 1787 598 1852 Ouuul.
625 1798 665 1853 to.
689 1788 709 1851 2
735 1810 760 1852 c.
787 1789 827 1852 111
853 1788 883 1852 d.
910 1788 923 1851 l
952 1810 982 1851 e.
1009 1790 1046 1851 11
1075 1798 1104 1852 et
1128 1788 1179 1851 11.
1202 1788 1275 1851 Pari
1301 1788 1395 1852 modo

319 1882 409 1960 atque
435 1875 548 1939 ordine
571 1877 604 1939 in
622 1876 771 1940 secundis
788 1876 939 1960 Vesperis
957 1876 1058 1960 ipsius
1075 1876 1259 1950 llominieae,
1277 1877 1302 1940 si
1321 1876 1394 1941 sult-

319 1970 472 2047 sequatur
496 1964 529 2027 in
552 1963 645 2028 Feria
674 1964 816 2029 secunda
851 1962 998 2028 Oilieinm
1035 1965 1162 2050 duplex,
1194 1972 1268 2049 pest
1302 1964 1396 2049 hujus

319 2048 503 2116 Orationem
531 2058 599 2116 tres
615 2053 688 2117 illas
706 2054 757 2136 agi
775 2053 1099 2117 commemorationes
1117 2052 1289 2137 oportebit,
1307 2072 1395 2117 nem-

319 2159 352 2223 pe
377 2138 401 2203 Ι.
429 2139 469 2203 de
492 2139 670 2206 lleminiea.
695 2140 733 2206 ll.
750 2140 800 2207 de
825 2139 876 2204 die
900 2140 1029 2205 Octava.
1055 2141 1107 2205 lll.
1135 2141 1173 2204 tle
1197 2139 1315 2204 Sancto
1337 2155 1414 2225 'per'

319 2247 349 2292 se
375 2227 507 2312 duplici.
544 2226 577 2291 Si
602 2248 677 2293 vero
713 2235 867 2312 sequatur
903 2228 1048 2293 Oltieinm
1080 2229 1300 2313 semicluplex,
1325 2238 1397 2312 post

319 2315 504 2380 Orationem
529 2316 703 2381 Ilominieae
727 2319 991 2382 commemoratio
1017 2318 1070 2381 fiet
1094 2316 1175 2381 lde
1200 2316 1249 2379 die
1267 2315 1395 2381 Octava.

319 2403 350 2469 ll.
370 2404 410 2469 de
428 2402 547 2469 Sancto
564 2424 622 2490 per
639 2426 673 2470 se
691 2405 819 2491 duplici.
838 2404 891 2470 111.
911 2406 949 2470 de
967 2405 1111 2490 sequenti
1130 2403 1241 2469 Olfieie
1258 2404 1396 2469 semidu-

319 2493 400 2578 plici.
420 2491 512 2570 Quod
530 2493 557 2557 si
574 2492 722 2558 llllieium
746 2514 804 2579 per
828 2495 976 2559 accidens
994 2495 1129 2578 simplex
1146 2495 1178 2557 in
1201 2492 1313 2556 eadem
1338 2492 1397 2556 Do·

319 2581 434 2645 miniea
458 2600 644 2658 occurrens,
669 2583 710 2646 sit
734 2583 856 2666 pariter
874 2581 1083 2666 semiduplex,
1101 2591 1177 2646 tune
1193 2581 1287 2666 hujus
1313 2600 1397 2646 eenr-

319 2670 508 2734 memoratio
532 2670 754 2755 postponenda
779 2672 840 2734 erit
857 2671 1156 2736 commemorationi
1178 2669 1397 2754 semiduplieis

319 2757 555 2840 subsequentia,
580 2759 619 2822 de
643 2779 727 2843 quo,
751 2758 926 2824 llominieae
951 2767 982 2823 et
1007 2757 1133 2823 (letare.
1169 2758 1397 2844 impedimento

319 2853 481 2920 cessante,
506 2845 668 2911 diceretur
703 2847 810 2932 potior
833 2847 1048 2932 Vesperaruru
1075 2868 1172 2933 pars,
1196 2847 1346 2912 videlieet
1380 2864 1398 2911 a

319 2932 478 3019 Capitale.
502 2933 599 2998 Ilerda.
616 2935 718 3022 pecul.
737 2958 766 2999 n.
787 2936 827 2998 70
845 2946 874 2999 et
894 2936 999 3001 Cootrl.
1019 2937 1038 3001 l.
1064 2937 1113 3000 cit.
1140 2959 1167 3000 n.
1195 2936 1246 3000 15.
1272 2934 1305 3000 Si
1322 2955 1397 3000 reru.»

319 3019 385 3087 dies
410 3019 532 3085 Octava
548 3022 714 3105 impedita,
732 3023 782 3088 vel
800 3022 917 3107 duplex
935 3023 1081 3090 Osfieinm
1101 3044 1189 3108 reque
1207 3024 1397 3110 impeditum

319 3109 461 3174 incidant
490 3111 522 3173 in
552 3109 730 3175 Sabbatum
759 3112 806 3175 vel
824 3111 964 3179 *Feriam
983 3111 1167 3187 secundam,
1185 3132 1295 3176 eorum
1315 3133 1398 3176 cont-

319 3197 509 3262 mcmoratio
536 3197 699 3283 praecedet
727 3202 1068 3265 commemorationem
1097 3200 1269 3264 [lentiniem
1298 3202 1395 3284 privi-

319 3285 444 3369 legiatae
469 3285 628 3372 (excepta
652 3285 818 3352 llominiea
842 3289 874 3351 in
892 3288 1016 3373 alnis),
1041 3289 1114 3372 quia
1136 3296 1242 3352 amoto
1267 3287 1399 3372 impedi·

319 3381 427 3438 mento
450 3373 600 3459 Vespera
624 3375 759 3458 integrae
783 3374 889 3440 forent
913 3376 951 3440 de
975 3377 1053 3460 ipsis
1078 3376 1254 3460 respective
1277 3377 1398 3460 persol-

319 3461 440 3526 rendae.
458 3460 489 3525 S.
499 3462 535 3526 ll.
548 3461 579 3526 0.
600 3462 642 3526 111
660 3462 831 3528 11111695
849 3464 880 3527 iu
897 3486 959 3528 urm
977 3464 1162 3529 Galliarum.
1182 3462 1248 3547 Ope
1266 3464 1397 3545 regulae,

319 3568 413 3633 quam
437 3549 529 3613 initio
553 3549 649 3634 hujus
674 3553 799 3616 numeri
823 3554 1066 3636 praestituimus,
1084 3551 1177 3616 laeile
1202 3571 1239 3616 ae
1260 3571 1397 3635 pronum

319 3638 435 3723 cuique
453 3646 502 3701 cst
516 3636 704 3720 dignoscere
722 3639 797 3724 quid
815 3641 847 3704 in
865 3642 936 3704 aliis
954 3640 986 3704 id
1003 3641 1130 3724 generis
1148 3647 1214 3706 tum
1230 3660 1399 3705 occurren·

319 3726 380 3801 tiae,
395 3733 465 3789 tum
480 3728 713 3790 concurrentia
727 3727 854 3792 casibus
867 3730 1087 3813 praestandum
1099 3728 1155 3802 sit;
1171 3728 1285 3812 quidve
1303 3731 1399 3793 etiarn

319 3812 491 3896 agendum,
508 3833 582 3878 eum
598 3813 710 3879 ebinis
727 3814 854 3880 Sanctis
868 3836 926 3901 per
939 3817 1088 3880 aeoidens
1102 3817 1301 3901 simplieibus
1316 3817 1398 3880 alliu·

319 3901 411 3966 alteri
430 3900 556 3966 duobus
573 3902 732 3967 continuis
750 3903 861 3968 diebus
879 3903 1032 3968 succedit.
1050 3903 1146 3968 llttbr.
1164 3905 1264 3991 peurel.
1290 3928 1318 3969 u.
1346 3905 1382 3968 71
1390 3956 1401 3976 .,

386 3989 440 4054 15.
468 3988 796 4056 Commemorationes
832 3992 1023 4076 peculiares,
1048 3993 1167 4076 quaein
1185 3991 1295 4056 oluere
1319 3992 1398 4056 flulti.

319 4098 381 4144 non
406 4077 553 4156 fortuito,
578 4099 634 4167 sep
658 4080 783 4146 ratione
807 4080 890 4157 diei,
916 4079 1080 4166 quaillud
1100 4079 1308 4154 celebratur,
1341 4080 1397 4146 sed
