3484 4875
582 489 977 537 immonnovnomrnmu
1224 470 1290 538 455

238 590 399 661 Cananici
421 614 548 681 semper
572 604 719 665 tenentur
742 598 783 665 ad
805 598 914 666 Officia
937 598 1075 685 propriae
1097 597 1260 676 lleolesiae,
1284 619 1314 666 e·

287 684 399 749 tiamsi
422 684 462 750 ab
486 705 523 751 ea
546 685 662 762 absint,
679 688 742 754 15
765 710 796 754 n.
821 688 972 755 11111
996 688 1182 753 adoratione
1203 688 1313 753 tlruois

286 772 385 839 Faria
408 782 498 840 sexta
520 776 552 839 in
575 774 750 843 Parasceve
780 778 858 863 ipsis
882 778 977 843 liceat
1008 776 1177 842 demittere
1209 784 1312 842 extre·

287 862 439 928 mitatem
462 882 581 950 eappa,
606 874 714 931 annot.
737 867 770 931 in
793 865 893 931 Hebd.
917 866 991 951 maj.
1016 886 1047 930 u.
1074 865 1127 930 15.

238 946 432 1036 Capitulum
455 951 665 1038 Vesperarum
690 954 872 1022 Communis
897 954 1093 1020 Ganlessoris
1117 973 1180 1019 nan
1204 953 1312 1019 Panti-

288 1038 373 1104 ticis.
396 1040 445 1104 An
468 1041 500 1105 in
525 1062 562 1106 eo
587 1041 755 1127 legendum
780 1044 822 1108 sit
844 1044 881 1109 Ia
902 1045 1044 1131 perseniae
1067 1043 1240 1119 thesauris,
1265 1042 1314 1107 vol

288 1126 853 1215 111111111111111111111111111.
880 1133 919 1197 l5
944 1131 1013 1197 lan.
1038 1151 1067 1197 n.
1093 1131 1116 1195 Ι.

241 1212 510 1302 (1111111111,11111
536 1220 724 1285 oratorium.

239 1302 436 1391 (lappellani
459 1315 491 1371 et
514 1306 705 1374 Confessarii
728 1310 910 1375 blanialium
934 1328 1029 1394 quam
1052 1308 1180 1373 Missam
1204 1309 1236 1371 111
1267 1327 1316 1372 ea·

289 1393 539 1460 11111111111111
564 1397 727 1464 celebrare
751 1399 897 1474 debeant,
922 1419 948 1461 o.
973 1398 992 1462 o
1018 1418 1048 1461 n.
1075 1398 1104 1461 1.

239 1478 338 1548 Cerei
363 1502 421 1548 aur
454 1484 665 1551 adhibeantur
688 1488 720 1553 in
754 1488 854 1552 saeris
879 1485 1129 1561 llunatianibus,
1153 1505 1225 1570 pag.
1250 1485 1314 1550 aab

290 1571 324 1635 in
349 1580 435 1637 nata.

241 1656 366 1726 Cereus
389 1660 552 1727 Pasehalis
568 1684 665 1749 snper
688 1665 803 1748 insigni
820 1663 1017 1729 Candelabro
1034 1661 1240 1748 collocandus
1265 1671 1314 1727 est

290 1748 332 1813 ad
356 1770 456 1815 cornu
480 1750 651 1836 Evangelii,
668 1761 775 1818 annot.
799 1754 831 1817 in
855 1753 928 1838 maj.
945 1752 1045 1817 Hebd.
1063 1774 1093 1816 n.
1112 1752 1162 1815 17.
1181 1749 1314 1829 Quando

290 1837 526 1915 accendendus,
549 1840 625 1906 ibid.
650 1840 731 1920 Quid
755 1842 922 1926 significat,
946 1861 1017 1926 pag.
1042 1842 1105 1906 297
1130 1842 1161 1906 in
1187 1850 1272 1905 nota.

248 1922 372 1991 Charus
395 1946 434 1991 an
458 1927 670 2012 genuflectere
694 1930 806 1996 debeat
830 1931 869 1996 ad
894 1930 1061 1995 Orationes
1085 1939 1145 1996 ete.
1162 1930 1195 1993 in
1219 1930 1316 1994 blissa

290 2014 330 2079 de
347 2015 472 2100 Vigilia,
489 2017 522 2081 in
545 2038 606 2102 qua
629 2039 667 2083 ex
684 2019 919 2105 dispensatione
942 2039 1003 2082 non
1026 2019 1198 2103 jejunatur,
1216 2019 1266 2082 vel
1283 2018 1316 2081 in

288 2102 388 2168 llissa
410 2103 523 2180 feriali,
540 2126 610 2191 quae
631 2107 721 2194 juxta
745 2108 899 2171 Rubricas
923 2107 1127 2171 substituitur
1151 2106 1258 2169 blissae
1276 2105 1315 2169 de

274 2190 343 2257 ,die
367 2191 451 2258 infra
474 2192 635 2271 Octavam,
660 2196 767 2261 adnot.
791 2195 832 2259 25
856 2195 949 2259 Febr.
974 2215 1004 2258 11.
1030 2194 1069 2257 Vl
1094 2202 1125 2258 et
1148 2192 1213 2257 Vll.

248 2279 364 2372 Clerici
387 2283 517 2368 proprie
549 2283 624 2349 dicti
648 2285 701 2350 ubi
734 2284 903 2359 deliciunt,
936 2303 976 2348 an
1009 2284 1038 2346 in
1064 2302 1175 2347 eorum
1208 2281 1315 2349 laeum

292 2370 463 2455 subrogari
486 2381 604 2457 queant
626 2373 713 2439 Laiai
736 2374 917 2449 seculares,
942 2391 1012 2458 pag.
1037 2372 1102 2435 244
1126 2372 1158 2435 in
1181 2377 1268 2434 nota.

250 2456 333 2524 Cleti
358 2468 391 2525 et
412 2460 587 2527 lllaraellini
609 2461 682 2549 (Ss.)
706 2463 778 2528 blm.
803 2463 932 2527 Festum
955 2463 982 2525 si
1006 2469 1154 2526 aoavvrrat
1170 2461 1201 2524 in
1226 2459 1318 2524 Faria

291 2548 434 2614 secunda
452 2550 662 2634 Rogatianum
687 2552 735 2616 vel
752 2554 785 2617 in
801 2552 913 2634 lligilia
934 2549 1150 2625 dsoensianis,
1168 2567 1316 2633 quaenam

290 2635 460 2703 Lectiones
483 2640 515 2703 in
538 2641 641 2725 primo
665 2640 826 2706 Nocturna
850 2648 927 2705 sunt
949 2638 1130 2714 recitanda,
1148 2638 1254 2702 adnot.
1273 2637 1315 2702 16

292 2727 370 2811 Apr.
395 2746 425 2792 11.
450 2726 472 2791 l.
498 2726 531 2793 Si
557 2728 767 2795 transferatur
791 2737 864 2815 post
887 2729 1107 2802 Pentecosten,
1132 2725 1208 2791 ibid.
1226 2745 1257 2790 11.
1275 2724 1313 2789 ll.

247 2811 411 2891 Callectae,
436 2816 506 2881 vide
533 2817 700 2882 Orationes.
1202 2871 1207 2885 .

247 2900 345 2969 Color
375 2914 636 2988 paramentorum
667 2904 831 2972 1110111111
863 2904 1034 2981 11111111,
1068 2905 1175 2970 adnot.
1201 2905 1217 2969 l
1245 2902 1315 2969 Jan.

291 3011 322 3056 n.
348 2990 625 3060 lusitanorum
650 3003 681 3059 et
704 2995 798 3061 blissa
823 2994 1029 3070 discordent,
1063 2994 1140 3059 ibid.
1165 2992 1260 3060 Color
1284 2993 1316 3057 in

290 3079 397 3146 Missis
420 3083 533 3148 votivis
557 3092 588 3149 et
612 3081 849 3162 Defunctorum,
874 3105 901 3150 a.
927 3084 945 3149 8
970 3105 1000 3149 n.
1027 3084 1066 3148 19
1091 3091 1123 3149 et
1145 3083 1203 3157 aa
1228 3091 1260 3147 et
1283 3083 1316 3147 in

292 3167 467 3235 Dominicis
491 3171 574 3237 inlra
597 3172 753 3250 Octavus,
786 3182 893 3238 annot.
919 3181 991 3259 past
1024 3170 1135 3257 llpiph.
1160 3192 1190 3237 11.
1218 3171 1317 3235 1411

292 3267 368 3344 past
390 3257 480 3324 Dom.
498 3259 747 3347 septuagesimae
770 3283 801 3327 n.
820 3263 850 3326 5.
868 3261 932 3325 Cur
956 3259 1144 3327 adhibeatur
1168 3259 1257 3323 colar
1273 3259 1316 3322 vi·

292 3346 373 3412 ridis
397 3347 437 3412 ab
454 3346 571 3415 Octava
594 3349 777 3436 Epiphaniae
794 3369 894 3435 usque
918 3348 958 3413 ad
981 3347 1267 3432 Septuagesimam,
1284 3352 1317 3410 et
1414 3356 1418 3365 ‘

292 3436 334 3501 ab
358 3434 477 3502 Octava
500 3438 704 3505 Pentecostes
736 3458 836 3523 usque
860 3437 901 3502 ad
924 3436 1124 3511 Adventum,
1155 3454 1228 3520 pag.
1252 3434 1317 3521 tat

291 3525 326 3590 in
350 3534 436 3592 nota.

250 3613 530 3681 Commemoratio.
546 3616 591 3682 Ile
615 3617 729 3703 quibus
752 3615 821 3681 lieri
837 3620 942 3701 potest
958 3611 1229 3686 commemoratio,
1246 3631 1274 3676 a.
1293 3610 1312 3676 a

290 3725 323 3770 n.
348 3702 815 3783 1.011111111111111111111111111
838 3705 907 3770 lieri
929 3712 1064 3788 possunt
1087 3709 1118 3766 et
1141 3700 1258 3765 debent
1282 3701 1315 3766 ia

290 3792 383 3858 lestis
408 3793 587 3878 duplicibus
603 3795 714 3881 primae
738 3794 861 3871 elassis,
885 3793 960 3858 ibid.
979 3813 1008 3857 n.
1027 3793 1061 3866 5;
1079 3791 1109 3854 in
1135 3789 1314 3875 duplicibus

290 3880 441 3949 secundae
465 3883 588 3960 classis,
612 3883 687 3949 ibid.
712 3904 742 3949 n.
766 3883 801 3956 ὃς
826 3892 857 3949 11
880 3884 912 3948 111
936 3880 1025 3946 111111
1049 3900 1106 3946 seu
1130 3878 1246 3944 Ollioiis
1270 3879 1315 3942 in·

289 3970 421 4037 terioris
445 3973 536 4049 ritus,
560 3973 635 4039 ibid.
658 3994 689 4039 11.
713 3974 743 4039 7.
768 3970 835 4038 Non
859 3972 894 4037 lit
917 3971 1032 4056 duplex
1056 3967 1314 4034 commemoratio

291 4061 333 4128 de·
350 4061 473 4140 eodem,
490 4082 592 4150 neque
617 4062 655 4129 de
677 4083 724 4140 ea,
742 4061 780 4129 de
804 4083 865 4148 qua
890 4060 1052 4149 peragitur
1068 4057 1222 4134 Officium,
1238 4055 1313 4120 ibid.
