3484 4875
366 502 430 569 520
529 522 703 569 amorium
718 523 748 569 m
762 524 876 571 resnou
888 511 930 570 ss.
944 522 1089 570 coneours
1105 521 1218 569 enmsn

344 628 457 695 classis
488 648 561 695 cum
584 627 702 696 Octava
732 631 940 717 privilegiata.
964 629 1192 715 Quodcumque
1213 625 1359 708 destruite
1389 619 1408 714 ’ῑρ

345 736 416 783 eam
447 717 589 783 incidens
621 718 821 786 transfertur.
845 720 940 786 Rudr.
962 718 1040 808 post
1068 718 1180 784 Todeil.
1205 709 1359 782 ocurrunt
1398 730 1405 765 ¹

344 827 374 870 u.
401 806 431 897 6.,
453 805 498 871 De
522 805 615 873 Festo
638 808 775 895 simplici
799 828 837 874 ex
860 828 894 874 se
916 808 995 874 nihil
1019 808 1071 882 fit;
1095 807 1182 873 Festi
1204 814 1294 872 antem
1309 804 1351 868 siu
1387 815 1401 852 ²³

345 893 437 979 plicis
460 914 518 980 per
540 895 698 972 accidens
722 897 982 963 commemoratio
1006 897 1114 980 agitur
1135 900 1169 961 in
1192 896 1311 979 utrisque
1320 890 1353 954 io
1388 901 1407 939 ³⁸

347 983 460 1065 speris,
483 983 642 1050 Laudibus
665 993 697 1050 et
719 986 813 1051 Missa
837 988 933 1051 etiam
956 986 1102 1060 solemni,
1126 992 1160 1050 at
1183 983 1290 1067 absque
1305 995 1365 1045 nunu

346 1068 414 1155 ejus
437 1071 585 1138 Lectione
617 1073 656 1138 ad
679 1074 878 1140 Matutinum.
902 1074 1029 1160 Periepc
1059 1073 1142 1138 dicto
1166 1094 1191 1138 e.
1214 1072 1232 1137 6
1254 1093 1280 1136 o.
1297 1064 1366 1135 66Ι
1393 1076 1407 1170 ,³

346 1160 433 1224 mnia
456 1169 531 1226 sunt
547 1163 675 1248 propria
691 1162 738 1250 (⁴³).
755 1164 849 1229 Missa
874 1162 991 1229 dicitur
1013 1182 1085 1227 eum
1109 1160 1284 1246 Sequentia,
1298 1153 1366 1223 too
1389 1173 1407 1202 ’ἑ

345 1265 384 1313 ao
406 1248 474 1313 sola
491 1249 679 1316 Praeiatione
703 1251 741 1317 de
763 1252 933 1317 Nativitate
956 1251 1091 1315 Domini.
1112 1249 1209 1315 Credo
1226 1245 1328 1333 adiungi
1361 1287 1364 1292 -

345 1354 403 1422 per
426 1344 525 1403 totam
549 1338 711 1416 Octavam,
728 1342 867 1427 itemque
889 1337 1037 1405 Praeiatio
1061 1339 1117 1403 ilia
1141 1340 1296 1411 recitatur,
1312 1349 1359 1431 pru·
1395 1329 1407 1377 ³

345 1431 491 1509 terquam
514 1427 546 1492 in
570 1427 663 1494 Festo
686 1429 772 1515 quod
794 1437 943 1495 occurrat
965 1428 1129 1515 propriam
1154 1420 1334 1491 obtinensi'
1393 1425 1407 1465 s

310 1523 318 1548 ⁸
344 1532 441 1601 supro
463 1538 493 1580 re.
517 1515 548 1581 2.
573 1516 613 1582 Et
635 1518 742 1583 colore
773 1519 845 1583 albo
869 1516 1022 1584 utendum
1044 1523 1103 1580 est.
1129 1514 1178 1580 nd
1210 1506 1361 1578 Primanit
1392 1511 1406 1586 ζ’

346 1599 377 1686 ii.
401 1600 488 1668 brevi
512 1603 639 1671 additur
661 1607 688 1690 i.
714 1605 775 1683 Oui
794 1616 885 1671 notos
908 1626 965 1693 per
989 1612 1089 1671 totam
1113 1601 1278 1677 Octavam,
1298 1599 1318 1665 si
1363 1641 1366 1646 -
1393 1621 1401 1690 s·

347 1707 479 1755 currens
509 1691 638 1759 Festum
668 1696 805 1781 excipias
835 1694 920 1780 quod
949 1694 1114 1781 proprium
1146 1691 1271 1757 habeat.
1294 1683 1348 1769 Cori

346 1774 429 1840 dicto
457 1780 512 1844 rob
542 1780 591 1845 dic
614 1782 656 1846 23
685 1782 756 1848 don.
780 1806 810 1847 re.
841 1784 874 1849 V.
900 1782 990 1862 Quod
1019 1781 1059 1846 ad
1089 1780 1246 1867 Exequias
1274 1776 1365 1846 arum,

348 1862 477 1931 Missam
500 1868 539 1933 de
562 1869 680 1955 Requie
703 1881 735 1937 et
750 1871 894 1938 Officium
918 1871 1158 1945 Defunctorum,
1182 1872 1324 1955 presente
1361 1901 1368 1934 „-
1395 1931 1397 1938 ,

347 1950 473 2030 davere,
496 1959 602 2023 recole
624 1962 767 2045 exposita
790 1960 848 2025 sub
874 1960 923 2025 die
947 1961 966 2026 6
990 1960 1060 2024 Jan.
1086 1978 1115 2023 n.
1132 1958 1160 2023 V
1177 1967 1209 2022 et
1232 1978 1258 2021 c.
1275 1956 1290 2020 7
1310 1945 1364 2017 nii
1394 2034 1397 2042 ‚

348 2047 381 2106 et
403 2061 430 2107 o.
452 2043 471 2107 6
495 2066 526 2111 n.
543 2046 596 2112 29.
614 2046 724 2126 Quoad
747 2050 875 2115 Missam
898 2069 973 2115 vero
997 2048 1036 2113 de
1058 2046 1152 2112 Festo
1178 2035 1348 2111 transierend
1394 2049 1405 2136 ’ᾖ

346 2129 398 2195 vel
421 2151 479 2217 pro
502 2154 538 2200 re
561 2137 650 2219 gravi
674 2138 802 2202 consule
826 2158 853 2204 c.
879 2139 898 2204 u
923 2158 953 2203 n.
979 2138 1008 2202 5.
1032 2144 1065 2201 et
1087 2136 1118 2201 6.
1351 2211 1357 2226 ,
1400 2139 1402 2150 '

417 2221 447 2286 5.
470 2220 507 2288 ln
534 2222 628 2289 Festo
659 2224 715 2292 SS.
739 2226 888 2313 Corporis
912 2225 1028 2292 Christi
1059 2223 1228 2289 Processio
1259 2220 1338 2285 solen
1398 2281 1400 2289 ,

348 2317 473 2395 spectat
495 2310 536 2377 ad
552 2311 787 2388 Cathedralem;
805 2316 858 2381 ubi
882 2335 955 2381 vero
979 2314 1047 2379 haec
1064 2312 1158 2387 desit,
1176 2311 1217 2376 ad
1234 2305 1374 2375 Moelesiau·
1401 2338 1404 2344 v

349 2395 546 2482 digniorem,
577 2421 595 2469 a
627 2422 688 2489 qua
711 2423 824 2491 nempe
848 2403 942 2470 debet
964 2404 1092 2470 omnino
1115 2402 1279 2486 incipere,
1305 2403 1329 2460 et
1344 2385 1367 2491 ti

348 2486 493 2554 eamdem
514 2493 630 2556 reverti
653 2499 747 2578 atque
771 2494 901 2559 absolvi.
926 2494 956 2558 S.
981 2493 1017 2558 R.
1044 2491 1076 2556 θ.
1102 2491 1143 2556 69
1165 2492 1246 2574 nep.
1271 2483 1336 2552 tttt
1348 2496 1378 2579 1,,Ὶ
1401 2545 1405 2585 3

353 2574 531 2643 Tusconettc
555 2580 596 2644 od
617 2581 632 2644 6
653 2591 681 2645 et
704 2581 747 2646 66
769 2581 832 2648 dol.
857 2581 942 2648 6665
965 2584 997 2646 iu
1020 2581 1149 2644 Sernes.
1176 2577 1251 2664 Ejus
1273 2583 1321 2648 est
1335 2572 1378 2659 (ἐξ
1402 2596 1404 2606 ⁴

348 2664 524 2732 solemnem
547 2668 673 2734 Missam
697 2671 804 2755 paullo
827 2679 901 2736 ante
924 2669 1115 2743 celebrarit,
1140 2665 1198 2732 SS.
1224 2658 1381 2761 Sacramcr‘¹

348 2759 417 2817 tum
442 2753 657 2833 circumferre,
681 2760 742 2824 nisi
765 2758 940 2845 Episcopus
963 2757 1169 2823 Dioecesanus
1194 2773 1251 2840 per
1272 2753 1376 2835 seipm'

347 2839 381 2904 id
396 2851 550 2926 praestare
572 2847 656 2910 velit.
680 2848 710 2912 S.
735 2847 771 2912 tt.
791 2848 822 2914 C.
840 2848 861 2913 6
877 2848 953 2934 Moj.
979 2845 1063 2912 6709
1080 2845 1112 2909 iu
1132 2845 1273 2910 Cremera.
1286 2834 1341 2906 odi
1373 2852 1381 2931 ᾗ

353 2926 479 2994 Coerem.
502 2930 562 3019 Ep.
586 2933 635 2999 ot.
660 2935 680 3000 2
704 2958 729 3002 c.
754 2937 806 3002 55.
831 2935 935 3015 Quare
959 2956 1021 3000 non
1045 2943 1094 2999 est
1125 2930 1384 3021 deferendumptf.

348 3016 458 3102 plures
480 3017 669 3087 Sacerdotes
692 3018 840 3092 vicissim.
864 3027 896 3091 S.
921 3026 956 3090 R.
977 3025 1008 3090 0.
1034 3023 1052 3088 5
1076 3023 1156 3107 Aup.
1183 3009 1370 3087 tunninio

348 3107 479 3172 centina.
497 3107 668 3176 Necessum
693 3135 787 3200 porro
812 3124 862 3180 est
885 3121 919 3181 ut
942 3113 1124 3186 Celebrans
1146 3129 1204 3175 seu
1229 3108 1371 3196 Episcoptt

348 3194 430 3261 iliud
453 3198 598 3265 manibus
622 3209 783 3284 gestantes
799 3202 948 3267 incedant
970 3201 1104 3288 pedites,
1121 3208 1154 3264 et
1175 3217 1239 3263 uon
1261 3182 1371 3262 alitent

349 3282 390 3350 R.
414 3285 444 3352 C.
471 3287 510 3351 68
534 3287 605 3354 lou.
624 3290 707 3355 6655
731 3291 762 3355 in
784 3291 917 3357 Meliten.
943 3301 971 3355 et
996 3289 1036 3354 60
1059 3288 1130 3353 loo.
1157 3286 1243 3352 6856
1265 3284 1294 3349 iu
1313 3278 1378 3375 tm·

349 3393 472 3441 moneo.
504 3376 550 3456 od
575 3378 606 3443 6.
630 3378 666 3444 In
697 3381 807 3465 quavis
837 3379 1045 3446 Processioue
1075 3375 1236 3442 Sacerdos
1266 3368 1378 3438 ueteres

351 3459 407 3529 SS.
426 3462 668 3534 Sacramentum
684 3471 811 3534 omnino
835 3469 881 3534 uti
905 3468 998 3534 dehet
1013 3465 1163 3541 Pluviati,
1180 3471 1293 3551 praeter
1313 3455 1387 3543 illan-4

350 3569 420 3636 quae
443 3575 480 3620 cx
504 3556 649 3622 Rubricae
673 3559 859 3645 praescripto
883 3557 918 3623 fit
940 3556 1032 3622 Feria
1055 3562 1145 3620 sexta
1167 3554 1200 3619 in
1225 3552 1387 3633 Paraeur,

407 3853 444 3934 (⁸)
464 3857 579 3918 Festum
594 3859 642 3918 SS·
659 3853 793 3934 Corporis
808 3852 915 3916 Christi
936 3853 1043 3933 saepius
1058 3852 1192 3914 iterando
1206 3853 1322 3926 Aiietojo
1335 3843 1374 3931 itti

349 3936 496 3997 Paschatis
516 3936 724 3996 solemnitatem
747 3933 884 4009 imitatum
906 3933 972 4014 quia
994 3932 1131 3994 nimirum
1154 3936 1250 3995 Coeuae
1269 3919 1374 4007 Mariti!

350 4014 474 4096 primam
496 4014 701 4076 institutionem
724 4015 808 4076 hodic
840 4015 970 4075 recolens
990 4011 1158 4092 triumphati
1181 4002 1374 4096 pompeiano!i

304 4128 307 4135 ·
350 4093 456 4175 gaudio
476 4093 561 4174 gestit
579 4095 714 4159 Ecclesia.
738 4097 787 4158 ite
805 4093 900 4173 ferme
924 4095 1071 4156 Tetomos.
