3484 4875
340 479 404 554 llo
591 494 815 551 rntorrrrortns
831 493 861 550 nt
877 493 970 550 ressa
985 493 1121 552 tunultu

362 613 444 691 illud
464 612 619 701 precedit
634 613 685 679 vel
709 611 865 699 sequitur,
883 610 1030 682 (illirium
1046 610 1136 679 uliud
1151 616 1267 703 agaim
1286 601 1368 697 hujus·

362 703 451 771 modi
467 702 672 769 conclusione
696 721 821 776 carens
840 709 909 767 tum
925 721 1001 768 vcro
1017 720 1081 768 nou
1099 698 1271 787 Temporis
1292 720 1369 786 neque

362 792 508 868 Octavae,
533 789 590 856 sed
614 788 717 855 Officii
740 789 886 876 prodisti
911 790 1042 876 proprie
1065 790 1234 855 conclusio
1264 808 1370 875 usurpa

362 876 452 947 bitur
473 880 512 945 in
542 878 693 964 vesperis
716 887 749 943 et
773 877 1013 963 completorio,
1038 876 1217 946 dnmmodo
1253 869 1372 946 Oidciun

362 969 498 1035 illudio
521 966 636 1033 iisdem
653 966 804 1052 Vesperis
827 968 944 1032 saltem
968 966 1310 1036 commemorationem
1329 966 1371 1032 sili

363 1058 525 1131 uindicet,
550 1074 653 1141 neque
676 1056 751 1121 huic
774 1054 943 1141 Temporis
975 1056 1025 1120 vel
1049 1052 1181 1122 Ootnvae
1206 1073 1371 1122 commemo·

363 1147 449 1212 ratio
480 1143 670 1218 antecednt;
704 1163 841 1229 quarum
871 1142 1090 1209 conditionum
1118 1143 1147 1214 si
1177 1142 1264 1210 desit
1283 1144 1373 1209 alteru

363 1244 436 1310 trn,
460 1233 629 1319 Temporis
658 1232 708 1298 uel
739 1230 867 1298 Octavae
898 1231 1103 1297 adhibebitur
1137 1232 1372 1299 conclusisti

364 1342 440 1389 vero
465 1320 536 1387 duae
559 1321 655 1388 simul
679 1318 807 1386 Octavae
831 1328 1018 1396 occurrant,
1034 1320 1067 1386 iu
1084 1317 1208 1388 Ollrciis
1231 1319 1372 1386 llestorun

369 1421 403 1476 et
425 1409 599 1476 llominicn
616 1408 699 1474 inira
723 1410 795 1475 illas
812 1408 1039 1485 incidentibus,
1055 1408 1259 1475 conclusioni
1274 1405 1373 1474 Oetam

367 1500 454 1565 illius
467 1499 558 1565 locus
572 1498 643 1575 erit,
661 1497 700 1563 de
717 1516 790 1583 qua,
807 1495 894 1563 Festi
910 1498 960 1562 vel
977 1496 1152 1562 llomiuicae
1169 1496 1372 1583 impedimento

365 1594 522 1663 cessante,
538 1584 684 1652 Officium
701 1585 786 1651 [oret
809 1584 1049 1654 celebrandum.
1067 1584 1215 1670 Denique
1231 1586 1264 1651 iu
1285 1602 1371 1651 ocur·

366 1695 404 1740 su
428 1673 556 1740 &tavae
580 1694 637 1741 seu
661 1672 854 1745 Octavnrum
879 1693 953 1739 cum
969 1674 1139 1758 Tempore,
1164 1693 1231 1740 non
1254 1690 1369 1739 eomnn·

368 1764 401 1828 ni
432 1762 638 1828 conclusione
661 1762 829 1847 Temporis
862 1761 1018 1828 utendum
1045 1768 1094 1827 est
1126 1761 1158 1828 in
1200 1759 1308 1829 Officio
1327 1760 1371 1825 sire

368 1850 455 1916 Fusii
472 1854 538 1916 sive
561 1849 746 1927 Dominicae,
764 1850 849 1936 quod
873 1848 956 1919 inira
973 1850 1062 1919 illam
1080 1868 1138 1918 seu
1154 1850 1230 1916 illas
1255 1848 1316 1923 dau
1334 1844 1371 1912 scd

368 1939 577 2004 conclusione
598 1940 729 2025 propria
754 1940 854 2025 ipsius
878 1936 1017 2014 Octavo,
1039 1956 1096 2004 scu
1120 1936 1313 2004 Octavarum
1330 1933 1372 2021 (ut

365 2027 474 2112 paullo
498 2034 573 2091 ante
596 2026 824 2113 explicuimus)
842 2027 1042 2094 alterutrius.
1062 2025 1216 2094 Ceterum
1238 2032 1324 2092 extra
1340 2041 1372 2087 ce·

367 2134 423 2180 sus
447 2114 627 2180 antedictos
651 2116 815 2181 conclusio
844 2112 972 2180 Octava
996 2121 1052 2180 aut
1078 2114 1250 2200 Temporis
1271 2128 1371 2197 semper

368 2204 475 2269 locum
511 2203 657 2279 obtinet,
681 2204 806 2269 etiamsi
830 2203 863 2269 in
888 2200 998 2269 Officio
1022 2210 1215 2269 oecurrente
1248 2201 1296 2267 rel
1321 2197 1401 2278 eon-¹¹

366 2299 516 2358 currente
541 2290 629 2358 nulla
653 2292 917 2357 commemoratio
935 2290 1064 2359 licinum
1086 2291 1137 2358 vel
1153 2289 1318 2376 Temporis
1336 2285 1369 2368 ag'
1398 2297 1401 2312 ¹

366 2388 473 2466 quesn
491 2377 664 2445 dummodo
683 2387 800 2456 tumen,
817 2378 924 2465 quoad
940 2376 1105 2454 Octavam,
1117 2377 1188 2464 ejus
1205 2391 1369 2445 commemo·

365 2470 524 2534 rationem
541 2468 671 2534 minime
687 2469 891 2553 praetermitti
909 2475 1058 2554 oportent
1074 2467 1203 2533 ratione
1219 2467 1302 2533 illins
1314 2473 1369 2531 nn·

366 2558 466 2645 poris,
490 2577 553 2642 quo
577 2556 775 2631 adveniente,
799 2563 928 2623 cessant
952 2554 1090 2631 Octavo,
1108 2564 1141 2621 et
1164 2563 1278 2640 coeptae
1298 2553 1369 2619 inter·

366 2653 570 2731 rumpuntur.
597 2644 691 2710 liubr.
714 2645 817 2732 pecul.
841 2667 871 2709 u.
898 2643 961 2710 161
986 2654 1015 2709 et
1038 2665 1121 2730 seqq.
1145 2653 1176 2708 ct
1199 2645 1231 2709 S.
1255 2642 1290 2708 lt
1314 2637 1368 2706 dt

366 2733 444 2817 Muj.
470 2733 555 2798 l756
579 2732 611 2795 in
633 2731 801 2800 dimidies.
825 2732 867 2797 od
892 2733 955 2808 12,
979 2731 1023 2800 ut
1045 2732 1122 2798 Nou.
1149 2732 1238 2798 1755
1261 2732 1292 2796 ic
1316 2725 1368 2792 tur·

366 2822 459 2884 reone.
484 2820 526 2884 ed
548 2820 615 2885 net
630 2820 673 2884 25
689 2821 768 2907 Muj.
795 2820 881 2888 tutu
900 2819 1235 2886 innumerositate
1258 2839 1295 2884 oe
1317 2814 1368 2880 du·
1393 2850 1401 2859 -

366 2918 438 2973 sect.
457 2909 476 2972 5
494 2929 519 2974 c.
538 2906 558 2973 o
575 2930 605 2972 e.
626 2908 677 2972 l5.
695 2909 753 2975 Hic
777 2908 1009 2975 advertendum
1033 2916 1080 2974 est
1105 2908 1239 2994 propria
1261 2907 1371 2994 llymm

370 3015 445 3060 rum
469 2996 675 3061 conclusione
698 2997 739 3062 ad
762 3017 874 3064 omnes
898 2996 1001 3063 Horas
1025 2996 1180 3064 utendum
1212 3015 1303 3070 esse,
1322 3000 1370 3057 teu·

372 3084 539 3168 tummodo
563 3084 595 3148 in
613 3084 715 3150 Testis
739 3083 788 3172 (et
810 3106 869 3171 per
885 3083 1040 3171 Octavus)
1062 3084 1191 3151 Domini
1207 3082 1306 3149 nostri
1319 3079 1373 3145 lesu

368 3170 487 3244 Christi
510 3172 664 3260 (exeeptis
681 3171 747 3239 lere
764 3173 828 3239 illis
845 3174 1008 3249 omnibus,
1029 3175 1060 3239 in
1086 3191 1224 3259 quorum
1240 3171 1328 3237 llissn
1344 3166 1373 3231 le

368 3260 455 3344 gitur
478 3259 627 3326 Praelnlio
651 3259 690 3327 de
714 3259 827 3346 Cruor)
851 3269 884 3328 et
907 3261 941 3327 Β.
966 3261 1006 3327 ll.
1024 3261 1181 3346 Virginis
1208 3279 1271 3326 non
1293 3263 1374 3325 auten

367 3350 400 3422 in
424 3347 528 3414 Testis
563 3347 766 3417 Satrctorum.
790 3350 822 3415 S.
846 3349 883 3416 ll.
911 3350 943 3416 C.
976 3350 1017 3416 12
1041 3349 1118 3416 Νου.
1156 3348 1242 3415 tuot
1279 3349 1371 3413 inum

369 3436 549 3504 Marsorum
573 3437 615 3502 od
640 3438 692 3503 57.

363 3602 366 3605 x
412 3525 449 3590 v.
468 3525 607 3591 Rursum
624 3525 656 3590 in
675 3526 799 3592 cunctis
815 3525 921 3592 Testis
937 3533 968 3591 et
986 3545 1044 3610 per
1055 3522 1193 3592 Octavus
1209 3523 1244 3589 ll.
1258 3523 1295 3590 tl.
1307 3511 1374 3585 llud

368 3609 516 3678 Primam·
530 3615 562 3678 in
586 3613 616 3699 id.
635 3613 724 3679 breui
748 3613 869 3680 dicitur
889 3613 917 3696 γ’,
938 3615 997 3691 Qui
1021 3623 1112 3679 nutus
1129 3613 1248 3688 etc.,si
1273 3605 1375 3697 quidem

368 3699 464 3765 Festa
495 3702 634 3786 excipias
668 3700 724 3767 Vll
748 3702 902 3769 llolorum
934 3710 966 3768 et
990 3701 1229 3787 llxpectntionis
1263 3701 1374 3765 Partus.

368 3786 402 3851 in
426 3789 542 3872 quibus
565 3789 620 3876 (ut
643 3789 688 3854 ihi
711 3789 937 3877 adnotabitur)
961 3798 1010 3857 cst
1027 3790 1183 3856 diversus.
1209 3787 1287 3866 Quae
1307 3798 1374 3867 supr

368 3874 437 3940 rius
461 3895 491 3941 n.
517 3876 558 3941 lV
582 3877 621 3942 de
644 3879 784 3965 propriis
807 3879 1007 3965 Hymnorum
1033 3877 1293 3944 conclusionibus
1314 3887 1371 3960 pra·

368 3962 491 4055 scripta
514 3972 600 4041 sunt,
624 3985 661 4031 ca
684 3968 808 4053 pariter
831 3967 917 4033 dicta
933 3976 1028 4032 sunto
1045 3965 1084 4031 dc
1102 3966 1242 4052 propriis
1265 3964 1309 4046 li.
1330 3957 1369 4024 tu·
1399 4040 1401 4049 Ι

367 4052 532 4139 sponsorii
555 4052 661 4120 breuis
685 4053 726 4121 ad
749 4055 901 4123 Primam.
925 4055 1023 4128 lindr.
1045 4054 1149 4146 peruri.
1173 4077 1204 4121 e.
1237 4052 1307 4120 191,
