3484 4875
341 482 403 550 tta
591 499 1124 551 unuorarroussmrrsrauunanu

363 616 491 676 tantum
514 610 788 684 commemoratio,
813 610 845 676 in
868 609 1025 677 Matutino
1049 611 1140 676 etin
1164 610 1299 678 secundis
1317 608 1374 675 lu·
1404 639 1409 658 =

360 699 464 784 spcris
487 697 694 764 substituitur
717 696 831 763 Meroe
853 717 1017 788 supremos
1041 706 1104 766 etc.
1130 699 1266 766 Rursum
1284 698 1354 766 sile·
1407 723 1409 728 ·

360 796 446 852 stum
470 784 502 852 S.
528 784 728 851 Coniesscris
752 785 905 853 Octavam
930 786 1053 853 babens
1087 807 1157 854 non
1180 789 1262 854 ultra
1290 787 1355 855 dcta·
1399 809 1409 816 ·

361 895 434 941 vam
459 872 683 950 transferatur,
708 876 740 939 in
764 873 859 941 Festo
883 895 922 941 ac
944 876 1080 962 reliquis
1105 874 1236 942 Oetaea
1258 876 1357 950 diebu,

362 964 417 1049 qcti
440 970 636 1049 supersunt,
667 964 826 1028 retinetur
849 964 881 1027 in
904 963 1031 1051 Hymno
1055 963 1175 1030 dicauit
1198 965 1296 1031 beetur
1313 971 1360 1037 ete,

363 1052 438 1137 quia
463 1059 530 1117 tota
554 1050 674 1116 Octava
697 1051 775 1116 nibil
801 1050 890 1117 aliud
912 1059 972 1127 est,
990 1071 1088 1137 quam
1106 1053 1212 1140 ipsius
1235 1053 1313 1119 Festi
1328 1071 1360 1117 u·

363 1140 487 1214 teusio;
513 1139 544 1203 id
571 1147 676 1205 tamen
712 1159 840 1225 semper
864 1139 1002 1224 intelligi
1026 1148 1183 1226 oportet,
1207 1142 1236 1207 si
1256 1139 1361 1214 ieron,

361 1226 447 1313 quod
472 1226 676 1302 transfertur,
693 1226 809 1292 Mersit
826 1227 932 1293 beatos
954 1228 1015 1294 sibi
1032 1227 1188 1306 uindicet,
1205 1245 1268 1295 nou
1288 1237 1363 1295 autcu
1399 1283 1406 1290 .

363 1317 390 1380 si
415 1335 453 1382 ex
469 1335 504 1381 se
528 1324 643 1400 agatur
666 1322 757 1381 extra
780 1315 865 1382 diem
889 1314 1007 1391 obitus,
1023 1324 1061 1382 ut
1084 1315 1221 1384 Festum
1236 1317 1268 1382 S.
1290 1316 1364 1382 boni·

362 1404 436 1469 uici.
461 1403 556 1468 Rudr.
573 1403 675 1492 pecul.
699 1424 729 1467 a.
749 1403 813 1468 160
836 1413 866 1468 et
891 1403 967 1482 llil,
990 1405 1021 1470 S.
1047 1404 1084 1470 B.
1105 1404 1139 1471 0.
1164 1406 1187 1471 2
1210 1406 1291 1493 Sept.
1306 1403 1362 1470 titt

362 1493 395 1556 iu
418 1492 537 1578 dqucu,
562 1492 604 1556 cd
627 1491 646 1556 e
671 1500 700 1556 et
726 1489 831 1557 (lovel.
856 1500 897 1556 to.
922 1492 943 1556 L
966 1513 993 1558 c.
1012 1491 1054 1558 59
1071 1491 1102 1557 d.
1131 1492 1163 1559 5.
1189 1492 1280 1559 ilatio
1298 1510 1366 1580 poue

364 1580 571 1665 computandi
588 1580 673 1646 diem
696 1581 837 1645 natalem
854 1578 1048 1646 Sanctorum
1067 1580 1189 1668 triplex
1210 1589 1269 1660 cst,
1284 1597 1367 1665 nenpt

364 1687 382 1732 a
406 1668 519 1753 primis
542 1668 582 1734 ad
605 1667 763 1734 secundas
787 1666 957 1754 Vesperas,
981 1669 1095 1735 asciis
1112 1688 1236 1736 occasu
1258 1669 1297 1737 ad
1315 1668 1368 1734 solis

365 1775 526 1833 oceasum,
551 1764 583 1821 et
606 1777 624 1822 a
648 1756 752 1823 media
776 1765 870 1823 nocte
888 1756 928 1821 ad
944 1756 1084 1824 mediam
1100 1766 1246 1837 noctem,
1269 1758 1369 1825 adeout

363 1844 419 1930 qui
442 1864 459 1909 e
483 1846 548 1910 vita
572 1846 722 1930 migravit
745 1864 772 1910 r.
790 1864 838 1928 gr.
857 1844 909 1910 die
926 1846 1029 1931 prima
1046 1845 1173 1932 Aprilis
1196 1855 1272 1933 post
1285 1846 1370 1912 bonu

365 1934 594 2020 vespertinam,
620 1933 669 1999 vel
693 1940 767 2019 post
789 1934 868 1999 solis
893 1952 1057 2010 occasum,
1082 1942 1140 2000 aut
1164 1934 1372 2022 postmodium

366 2029 505 2099 noctem,
522 2021 591 2107 ejus
615 2023 732 2087 natalis
756 2021 994 2106 consignandus
1018 2042 1082 2089 uon
1107 2023 1153 2088 sit
1177 2023 1230 2089 die
1254 2024 1283 2100 1,
1298 2018 1371 2089 sedi

366 2109 497 2195 Aprilis.
515 2109 633 2176 Verum
651 2129 749 2195 quum
774 2118 921 2176 nostrum
939 2111 1074 2177 minime
1090 2110 1134 2176 sit
1152 2114 1292 2179 natalem
1313 2110 1372 2176 dien

370 2196 499 2264 Sanctis
535 2200 767 2284 prescribere,
803 2198 861 2264 sed
896 2197 991 2265 Sedis
1029 2199 1252 2276 bestolicae;
1281 2199 1372 2264 idcireo

371 2305 606 2437 peameumque
629 2308 667 2353 ex
691 2286 833 2374 prelatis
857 2287 1037 2353 rationibus
1058 2219 1131 2353 Krec
1156 2295 1268 2355 secuta
1289 2285 1372 2358 luerit,

393 2375 449 2452 ies,
472 2394 568 2462 quam
592 2394 651 2463 pro
674 2377 773 2442 natali
798 2373 909 2441 eadem
934 2374 967 2443 S.
985 2374 1085 2442 Sedes
1108 2376 1373 2463 prmstitueritua·

367 2464 441 2529 talis
465 2466 527 2529 erit
552 2465 732 2541 censenda,
755 2466 788 2530 in
813 2484 913 2550 eaque
941 2463 1114 2530 dicendum
1141 2464 1262 2532 Mersit
1286 2465 1373 2534 benus

365 2572 430 2617 nen
453 2572 529 2618 vero
547 2554 693 2639 sequenti
711 2563 784 2629 etc,
801 2554 862 2618 nisi
886 2554 1056 2619 translatio
1073 2552 1129 2619 liat
1143 2554 1237 2640 juxta
1254 2552 1373 2641 superius

368 2639 463 2707 dicta.
492 2642 596 2707 Ceuol.
622 2652 662 2707 to.
687 2642 707 2708 1
732 2663 757 2708 c.
783 2641 824 2707 59
849 2641 879 2707 d.
904 2641 924 2706 2
949 2665 980 2708 u.
1003 2643 1036 2708 ll.

413 2728 452 2794 11.
476 2730 644 2796 Lectiones
667 2731 764 2816 primi
786 2729 943 2795 Nocturni
966 2731 999 2795 in
1014 2725 1126 2797 Odleio
1143 2728 1178 2797 S.
1197 2728 1286 2797 Pauli
1298 2723 1373 2800 dou,

370 2817 465 2881 sicuti
490 2826 521 2883 et
545 2821 576 2884 in
601 2819 750 2885 omuibus
773 2817 877 2884 Festis
894 2818 1076 2905 duplicibus
1098 2818 1279 2885 minoribus
1300 2824 1327 2883 et
1343 2832 1375 2880 se·
1402 2794 1409 2895 l

370 2904 611 2990 miduplieibus,
628 2916 800 2973 sumuntur
816 2926 945 2992 semper·
961 2907 1001 2973 de
1016 2906 1188 2993 Scriptura
1204 2910 1374 2976 occurrente
1406 2914 1409 2921 '

370 2993 432 3056 nisi
456 2994 586 3079 aliquod
610 2995 787 3082 Scripturas
810 2995 958 3072 initium,
982 3003 1038 3061 aut
1059 2994 1146 3061 luitii
1171 2997 1238 3061 vim
1261 2995 1373 3064 baben,

369 3081 590 3165 reponendum
615 3085 667 3159 sit,
691 3085 741 3150 vel
765 3082 942 3169 Scriptura
965 3084 1135 3149 Lectiones
1160 3083 1289 3161 desint,
1309 3089 1338 3149 ut
1352 3079 1374 3143 in

371 3166 639 3254 Quadragesima,
663 3169 808 3250 Quatuor
841 3171 1056 3258 Temporibus
1079 3180 1165 3249 ete,
1190 3174 1242 3239 vel
1265 3165 1374 3259 speciale

371 3256 457 3323 adsit
479 3258 653 3333 lndultum,
678 3259 714 3325 ln
739 3261 783 3328 l.⁰
806 3261 899 3326 enim·
923 3280 999 3328 casu
1030 3261 1201 3333 Lectiones
1224 3261 1316 3348 primi
1332 3254 1402 3323 ilo.

370 3348 477 3414 cturui
501 3357 597 3414 eruut
613 3348 653 3413 de
670 3347 755 3414 dieto
772 3348 866 3413 Initio
883 3349 933 3414 vei
957 3349 1042 3415 initii
1058 3350 1122 3414 vim
1138 3349 1288 3415 habente.
1304 3343 1374 3413 uror.
1407 3410 1409 3429 ,

368 3458 437 3522 poa.
464 3437 508 3502 tit.
532 3437 576 3504 26
600 3461 630 3503 u.
656 3436 675 3502 6
700 3446 730 3500 et
750 3437 853 3524 pecul.
877 3460 907 3508 u,
934 3438 1007 3504 185.
1032 3437 1069 3503 ln
1103 3437 1149 3504 a?
1175 3456 1255 3504 casu
1277 3436 1326 3526 (si
1342 3449 1375 3498 rt·

370 3527 446 3608 poni
471 3526 602 3592 minime
626 3533 776 3611 operteat
798 3524 929 3591 Initium
954 3524 1158 3613 hujusmodi)
1175 3517 1365 3592 sumenturd
1407 3560 1409 3565 ·

372 3611 551 3679 Communi.
575 3615 623 3679 du
641 3621 749 3679 autem
772 3614 960 3701 (breviario
978 3611 1111 3701 silente)
1129 3608 1377 3700 accipiendaesiut

372 3717 411 3762 ex
434 3702 539 3785 primo
562 3703 613 3767 vel
637 3701 779 3768 secunde
804 3703 887 3780 loco,
911 3704 1023 3788 regula
1048 3703 1080 3768 in
1104 3709 1267 3790 promptu·
1283 3701 1337 3768 erit
1353 3711 1377 3761 u

372 3785 578 3854 Lectionibus
608 3791 696 3857 tertii
719 3788 886 3856 Nocturni.
915 3789 993 3856 Vide
1014 3812 1112 3880 supro
1137 3812 1163 3857 c.
1188 3791 1214 3856 ἳ-
1233 3814 1265 3857 u.
1288 3788 1335 3856 29.
1354 3781 1377 3847 lt

374 3872 418 3937 5.“’
443 3874 579 3961 denique
603 3898 691 3954 casu,
716 3886 811 3947 eruut
835 3880 975 3965 propriae
998 3881 1048 3945 uel
1069 3880 1108 3945 de
1125 3879 1296 3945 Communi
1313 3877 1377 3968 jusit

372 3962 570 4047 peculiarem
593 3969 845 4034 concessionem.
870 3965 956 4034 SR.
977 3967 1008 4034 0.
1026 3967 1068 4033 27
1086 3967 1167 4054 dep.
1186 3967 1273 4034 1856
1295 3967 1325 4031 r'n
1341 3956 1378 4028 tl·

373 4049 510 4120 sericeo.
528 4053 576 4119 cd-
586 4053 617 4120 6.
634 4054 729 4121 Hisce
746 4055 949 4142 adjungenda
973 4067 1048 4125 sunt
1071 4054 1178 4135 Festa,
1196 4076 1268 4144 qum
1289 4050 1379 4126 habeti
