3484 4875
526 515 749 564 anuorarrouus
765 514 795 561 m
811 516 903 562 rrsra
917 517 1043 564 aucusrr
1233 501 1296 570 555

291 619 391 686 luerit
413 621 600 699 Dominica,
631 642 734 708 neque
762 622 883 689 incidat
912 622 1043 689 Festum
1073 622 1211 711 duplos,
1244 623 1317 694 Offi-

289 710 379 775 cium
411 710 451 777 de
482 732 519 778 ea
550 710 796 799 persolvendum
828 720 877 776 est
909 731 981 778 cum
1010 716 1315 783 commemoratione

289 798 325 863 S.
352 798 495 866 Romani.
521 802 562 867 Αι
592 800 646 865 ubi
670 798 800 865 Festum
823 800 940 886 duplex
962 812 1134 878 occurrat,
1162 804 1315 888 quemad·

289 887 424 952 modum
447 890 532 974 apud
564 909 643 964 nos,
668 887 813 957 Officium
837 887 877 954 de
906 889 968 954 isto
993 899 1106 974 agetur
1130 911 1203 956 cum
1230 913 1314 959 nona
1427 935 1433 946 ι

288 975 442 1041 Lectione
466 978 505 1043 de
527 978 659 1043 homilia
682 977 877 1053 Dominicis,
902 978 993 1064 cujus
1017 983 1314 1048 commemorationi

289 1064 383 1130 locus
406 1067 468 1132 erit
499 1065 599 1153 (ante
623 1067 758 1131 alteram
782 1065 814 1131 S.
839 1065 999 1152 Romani)
1033 1068 1064 1132 in
1088 1065 1250 1135 Laudibus
1282 1079 1315 1137 et

287 1152 398 1229 Missa,
422 1175 545 1220 necnon
569 1156 656 1221 illius
679 1153 849 1238 Evangelio
874 1154 905 1218 in
928 1154 1032 1220 Missae
1056 1155 1128 1220 sme.

334 1242 385 1309 lV.
409 1244 505 1308 blissa
528 1244 568 1310 de
591 1242 624 1308 S.
649 1243 803 1318 Romano,
821 1245 848 1306 si
871 1244 997 1327 quando
1022 1263 1102 1328 opus
1126 1244 1178 1320 sit,
1195 1246 1314 1331 petitur

287 1350 306 1393 e
330 1330 496 1398 Communi
520 1332 660 1398 secundo
684 1333 766 1407 loco,
790 1352 903 1418 nempe
926 1330 1111 1409 Lcetabitar,
1135 1353 1207 1399 cum
1231 1333 1309 1402 Ora·

286 1418 429 1486 tionibus
453 1429 488 1486 ut
511 1421 571 1489 hae
594 1423 663 1506 ipsa
688 1420 738 1485 die
762 1421 794 1484 in
817 1419 948 1485 blissali.
1302 1489 1303 1496 χ

245 1507 257 1570 l
266 1506 296 1572 O.
321 1544 366 1555 -
388 1509 411 1574 I.
436 1510 566 1574 Festum
598 1509 630 1575 S.
654 1508 816 1574 Laurentii
838 1508 1009 1595 Martyris,
1043 1509 1198 1595 peculiari
1228 1513 1311 1579 sole·

286 1598 422 1661 mnitate
446 1599 477 1662 in
494 1598 636 1662 Ecclesia
653 1598 824 1662 universali
849 1597 1020 1673 excultum,
1038 1605 1148 1681 utpote
1164 1598 1311 1682 Vigiliam

285 1684 457 1762 obtinens,
482 1685 632 1752 Octavam
659 1695 741 1763 etc,
766 1687 792 1750 si
816 1684 899 1751 sorte
923 1694 1094 1751 concurrat
1118 1707 1189 1751 cum
1215 1687 1309 1755 Festo

284 1773 389 1838 altero
413 1775 555 1862 ejusdem
579 1775 706 1860 quidem
730 1777 834 1850 ritus,
858 1774 916 1840 sed
939 1776 1057 1840 nullius
1081 1776 1308 1856 solemnitatis,

283 1862 336 1927 vel
359 1863 523 1947 diguitatis
546 1865 681 1948 insignis
704 1863 794 1949 cujus
819 1865 900 1927 ratio
924 1863 966 1928 sit
991 1863 1146 1940 habenda,
1167 1866 1308 1951 integras

228 2000 229 2004 ,
282 1950 436 2017 adsciscit
447 1953 616 2037 vesperas,
633 1972 705 2017 cum
730 1953 861 2018 alterius
883 1953 1196 2019 commemoratione.
1220 1956 1251 2021 S.
1270 1956 1305 2021 ll.

285 2040 317 2105 G.
331 2039 374 2104 26
387 2039 458 2106 luo.
474 2042 557 2107 1795
572 2042 603 2105 a'u
617 2062 681 2105 aaa
693 2040 926 2105 Soatoaderieo.
941 2040 982 2104 od
996 2040 1046 2105 ll.
1064 2040 1178 2106 tsthaee
1196 2043 1307 2109 nibilo-

280 2127 389 2192 minus
407 2129 572 2214 dispositio
590 2129 700 2193 haberi
717 2130 826 2213 nequit
843 2130 888 2192 uti
906 2128 1083 2211 generalis;
1106 2129 1146 2194 ad
1163 2131 1305 2215 integras

279 2218 366 2281 enim
380 2217 548 2304 vesperas,
566 2218 689 2283 ratione
706 2217 930 2291 solemnitatis,
947 2236 1010 2281 non
1027 2215 1142 2281 sufficit
1159 2219 1306 2284 solemni·

280 2315 330 2370 tas
355 2308 515 2390 quaelibet,
532 2306 589 2372 sed
605 2326 720 2389 magna
737 2306 921 2390 requiritur.
942 2304 1053 2390 Confer
1069 2326 1094 2369 e.
1114 2306 1131 2369 5
1149 2305 1212 2370 ved
1236 2306 1301 2372 Vl.⁰

323 2394 362 2460 ll.
388 2394 521 2461 Ubinam
538 2405 567 2461 et
586 2394 776 2480 quibusnam
802 2393 913 2459 diebus
938 2392 1010 2457 addi
1034 2393 1136 2480 possit
1155 2393 1253 2460 Credo
1270 2396 1302 2462 in

276 2483 374 2548 blissa
398 2483 430 2549 S.
455 2485 638 2558 Laurentii,
670 2485 785 2566 collige
808 2503 846 2548 ex
870 2483 1031 2546 communi
1062 2483 1172 2566 regula
1205 2503 1302 2568 quam

274 2572 468 2639 tradidimus
491 2573 550 2639 sub
574 2573 625 2637 die
647 2572 691 2637 bt
713 2570 798 2637 lunii
822 2593 852 2636 n.
876 2570 915 2635 Il.
932 2570 1032 2635 Hodie
1056 2591 1094 2636 ao
1118 2591 1175 2657 per
1198 2580 1300 2638 totam

274 2659 440 2738 Octavam,
457 2662 510 2728 ubi
534 2663 566 2727 in
590 2662 685 2726 llissa
708 2661 822 2725 saltem
847 2661 937 2725 locus
960 2658 1044 2723 adsit
1068 2679 1297 2727 commemora-

273 2749 356 2814 tioni
378 2750 411 2816 S.
435 2750 613 2825 Laurentii,
638 2750 669 2813 in
694 2747 845 2814 Oratione
868 2747 1005 2813 Cononis
1031 2748 1297 2816 Comruuoicootes

270 2837 315 2904 ad
339 2859 456 2905 nomen
478 2836 640 2904 Laurentii
661 2846 758 2924 caput
780 2837 999 2902 inclinandum
1023 2843 1081 2902 est.

319 2926 373 2992 lll.
399 2925 528 3006 Quoties
563 2925 708 2993 Officium
743 2927 848 3010 agitur
879 2925 918 2990 de
953 2925 1003 2991 die
1037 2924 1118 2991 inlra
1143 2923 1296 2993 Octavam

270 3013 305 3079 S.
330 3015 505 3093 Laurentii,
528 3016 678 3082 dicuntur
701 3016 807 3081 omnia
831 3023 867 3081 ut
889 3015 933 3080 ibi
957 3023 989 3080 et
1011 3015 1044 3080 in
1068 3015 1171 3080 Festo.
1197 3016 1293 3082 blissa

268 3104 392 3188 legitur
415 3113 451 3172 ut
477 3107 508 3171 in
533 3104 605 3181 die,
637 3104 657 3170 2
681 3101 790 3170 Oratio
814 3111 864 3170 est
891 3104 931 3169 de
955 3102 1048 3169 Festo
1077 3105 1215 3190 simplici
1238 3126 1293 3171 oc·

270 3194 478 3271 corrected
505 3192 652 3260 Concede.
1317 3259 1318 3262 ,

227 3278 280 3346 11.
305 3317 352 3330 -
374 3281 408 3347 Si
431 3283 580 3368 quapiam
605 3280 644 3346 de
667 3301 762 3347 causa
779 3300 860 3367 opus
884 3279 926 3345 sit
943 3286 978 3345 ut
1000 3279 1094 3344 llissa
1112 3280 1294 3345 celebretur

267 3368 322 3436 Ss.
337 3370 523 3458 rMartyrum
546 3369 682 3435 Tiburtii
706 3376 737 3435 et
761 3368 926 3443 Susannae,
949 3368 1019 3453 ipsa
1042 3367 1179 3454 petenda
1203 3377 1252 3434 cst
1275 3389 1292 3433 e

268 3458 439 3526 Communi
470 3459 685 3546 plurimorum
708 3458 883 3544 llartyrum
915 3455 1028 3522 ultimo
1052 3456 1146 3532 loco,
1178 3475 1292 3542 nempe
1322 3499 1325 3506 ‚

264 3546 362 3615 Saloe
381 3561 497 3627 autem,
514 3545 682 3614 Orationes
704 3546 764 3612 bac
787 3548 857 3633 ipsa
874 3544 925 3609 die
940 3543 972 3609 in
989 3553 1139 3630 promptu
1163 3543 1290 3620 adsunt,

265 3635 414 3722 Epistola
444 3659 520 3703 vero
551 3644 584 3700 et
605 3634 813 3718 Evangelium
842 3633 1034 3699 hauriuntur
1066 3653 1104 3698 ex
1127 3632 1222 3698 llissa
1256 3632 1289 3699 S.

265 3723 497 3813 Symphorosae
522 3725 562 3792 ld
586 3723 672 3802 lulii.
696 3723 745 3788 lto
767 3721 891 3789 librale
914 3718 1002 3787 nom.
1028 3721 1178 3809 typicam.

227 3813 276 3882 12.
301 3849 348 3862 ·-
369 3815 428 3884 Ubi
451 3815 582 3882 Festum
613 3810 645 3878 S.
670 3810 773 3877 Clarae
804 3811 969 3897 peragitur
992 3810 1057 3875 ritu
1089 3807 1207 3896 duplici
1240 3831 1289 3877 se·

264 3903 381 3971 cunilae
415 3905 528 3970 classis
563 3922 635 3969 cnm
659 3899 800 3976 Octava,
824 3907 932 3967 utrium
955 3898 1029 3964 huic
1052 3899 1196 3985 praelatio
1219 3901 1287 3965 tri·

261 3991 394 4060 buenda
427 3994 471 4060 sit
503 4012 601 4078 super
624 3988 776 4056 Octavam
806 3987 839 4057 S.
863 3987 1049 4066 Laurentii,
1085 3986 1214 4074 pervide
1250 4008 1288 4055 ex

262 4081 412 4237 110112εὸ0.
435 4082 457 4149 l
480 4101 511 4150 n.
536 4081 578 4149 55
600 4079 661 4149 sub
684 4079 790 4147 linem.
