3484 4875
445 493 509 561 teo
678 510 898 571 mrorauovrs
914 510 944 555 m
959 510 1049 556 rcsm
1064 510 1233 557 nncrurrrs

467 618 620 685 scribitur
642 615 700 687 sub
718 615 768 682 dic
783 615 825 682 25
843 613 1007 681 Februarii
1023 637 1054 682 n.
1070 616 1123 682 lll.
1143 616 1184 683 At
1200 616 1257 683 ubi
1275 616 1463 687 transferatur

468 711 500 774 in
525 708 609 773 diem
625 708 667 772 FO
683 705 877 780 Decembris,
894 713 926 769 et
943 703 992 771 die
1005 705 1064 771 hac
1081 715 1232 772 occurrat
1255 706 1352 773 Feria
1374 719 1464 795 quartu

469 798 612 877 Quatuor
634 794 837 881 Temporum,
859 793 985 859 videtur
1008 795 1155 859 ultimum
1177 795 1211 861 iu
1236 796 1337 861 Missa
1355 796 1466 882 Evange-

468 888 549 953 lium
572 884 740 951 dicendum
763 904 833 949 esse
856 882 895 947 de
911 881 1034 967 vigilia:
1060 891 1127 949 tum
1144 886 1262 970 quippe
1289 884 1466 951 homiliali·
1502 901 1504 956 ἔ

469 976 554 1059 giliac
576 975 608 1039 in
631 971 741 1038 otreio
765 993 827 1037 non
850 972 1008 1037 omittitur
1032 992 1089 1058 per
1112 992 1167 1047 se,
1193 973 1251 1038 sed
1282 982 1406 1040 tautum
1427 996 1467 1061 per
1502 991 1505 1018 ³

470 1063 640 1139 accidens,
663 1070 759 1148 prout
781 1060 1062 1126 animadvertimus
1084 1062 1116 1126 iu
1147 1061 1232 1127 diem
1255 1062 1301 1127 25
1328 1061 1466 1129 Februarii

468 1173 500 1217 n.
528 1151 595 1216 llll.

515 1240 566 1306 lll.
591 1239 648 1306 Ubi
672 1237 822 1303 Ecclesiae
845 1238 982 1303 Patrona
1007 1238 1049 1302 sit
1069 1238 1103 1303 B.
1119 1237 1157 1303 ll.
1173 1238 1211 1303 V.
1237 1239 1300 1304 sub
1327 1241 1416 1306 titulo
1435 1240 1469 1305 ll·

469 1350 529 1395 mae
546 1329 665 1394 Domus
681 1328 877 1403 tranctans,
893 1326 937 1391 ibi
954 1325 1046 1391 Festo
1071 1325 1130 1391 boc
1153 1326 1347 1394 adveniente
1370 1328 1470 1415 (quern

469 1417 641 1484 admodum
672 1416 850 1481 monuimus
880 1414 962 1480 inira
993 1414 1144 1480 Octavam
1172 1417 1277 1501 ipsius
1309 1418 1469 1483 Natiuitatis

470 1507 489 1571 8
514 1504 711 1591 Septembris
735 1526 764 1569 u.
790 1503 858 1590 lll)
883 1510 988 1569 cessat
1010 1503 1127 1570 Octava
1162 1504 1388 1573 Immaculata
1410 1507 1469 1572 don·

471 1596 636 1680 septimis:
661 1594 868 1679 quamobrem
893 1592 943 1658 die
966 1594 1059 1658 istius
1092 1591 1222 1670 Octava,
1246 1597 1274 1659 si
1302 1616 1405 1681 neque
1429 1595 1469 1659 du·
1503 1653 1506 1664 ,

471 1685 544 1768 plex
568 1683 696 1767 aliquod
719 1684 909 1747 translatum
928 1691 1073 1767 oporteat
1089 1683 1212 1768 reponi,
1235 1704 1345 1768 neque
1369 1687 1408 1750 sit
1429 1683 1470 1748 llo·
1502 1673 1506 1696 '

469 1773 596 1846 minica,
613 1770 756 1844 Officium
781 1772 971 1857 persolvitur
989 1770 1027 1835 de
1044 1771 1064 1836 b
1081 1770 1130 1835 die
1153 1769 1238 1836 inlra
1262 1771 1416 1839 Octavam
1435 1773 1471 1836 tt-
1499 1699 1506 1830 d

470 1880 530 1924 mee
554 1860 682 1925 llomus.
706 1859 931 1925 Verumtamen
955 1860 1144 1944 ubicumque
1167 1859 1384 1927 Immaculata
1412 1862 1470 1926 Uon-
1503 1891 1506 1936 ς

471 1948 575 2033 ceptio
592 1957 641 2013 est
659 1949 794 2013 Patrona
819 1948 1013 2035 principalis,
1038 1950 1082 2014 uti
1098 1947 1182 2034 apud
1201 1970 1272 2025 nos,
1291 1951 1419 2036 ejusque
1433 1948 1469 2013 Fe
1504 1975 1506 1986 ·

471 2045 556 2101 stum
581 2037 692 2123 majori
727 2038 929 2102 solemnitate
951 2057 1047 2123 quam
1070 2038 1207 2102 alterum
1232 2039 1339 2105 Almae
1375 2040 1467 2105 llomuv

473 2126 674 2201 celebratur;
699 2126 905 2211 suspenditur
926 2146 943 2191 e
967 2146 1119 2191 converso
1145 2125 1240 2211 hujus
1265 2126 1397 2203 Octava,
1418 2146 1468 2212 que

470 2214 678 2281 nihilominus
703 2223 775 2299 post
801 2213 953 2280 Octavam
975 2213 1197 2301 Conceptionis
1221 2216 1394 2284 reviviscit.
1416 2216 1466 2281 Per·
1504 2253 1507 2277 ι

472 2304 535 2391 depe
558 2328 584 2370 c.
608 2305 628 2369 ἲ
651 2327 681 2369 c.
707 2304 747 2368 55
771 2313 800 2369 ct
823 2325 849 2369 c.
875 2304 895 2369 d
917 2297 991 2368 ose
1014 2303 1082 2368 tv:
1501 2324 1505 2352 ÷

516 2393 563 2459 tv.
588 2394 645 2461 Ubi
669 2393 797 2459 Festum
821 2392 853 2459 S.
878 2391 1060 2460 Melchiadis
1084 2391 1176 2478 rape
1201 2399 1234 2458 et
1253 2392 1402 2485 Martyris
1419 2392 1463 2457 ritu
1498 2413 1507 2455 :

473 2482 591 2568 duplici
615 2485 662 2548 vel
688 2483 887 2568 semiduplici
910 2483 1035 2558 colitur,
1059 2489 1207 2547 octavum
1231 2482 1262 2568 td.
1289 2493 1340 2550 est
1363 2481 1462 2549 Doctior
1497 2480 1507 2540 l

470 2573 649 2660 prevenisti
670 2580 742 2647 etc..
770 2575 886 2658 quippe
910 2590 981 2635 cum
1005 2572 1140 2636 violenta
1165 2579 1273 2638 morte
1299 2576 1418 2638 minime
1434 2570 1460 2632 sit
1498 2573 1506 2630 t

474 2663 695 2748 interemptus
730 2661 824 2726 Missa
857 2660 972 2725 Statuit
1001 2660 1117 2744 legitur
1141 2658 1179 2743 de
1205 2658 1374 2730 Communi
1394 2658 1461 2726 unius
1499 2657 1507 2719 i

472 2749 553 2814 llari
576 2752 629 2815 ris.
1499 2774 1507 2780 ·

429 2837 481 2901 t5.
505 2771 605 2902 -ySi
629 2838 798 2924 aliquando
834 2837 1002 2920 contigerit
1036 2837 1155 2922 primas
1177 2835 1343 2923 vesperas
1363 2833 1460 2905 recitari
1500 2857 1507 2920 ς

471 2928 611 3012 integras
636 2929 674 2993 dc
698 2928 791 2993 Festo
814 2925 846 2992 S.
870 2927 974 2991 Lociaa
998 2925 1135 3010 Virginis
1159 2931 1191 2989 et
1216 2926 1377 3016 Martyris,
1398 2924 1460 2992 tnti-

472 3015 586 3099 phonae
609 3026 777 3082 sumuntur
800 3036 837 3080 ex
860 3015 1019 3080 Laudibus
1046 3016 1158 3080 Oronte
1174 3014 1206 3078 S.
1224 3014 1339 3089 Larcio:
1361 3012 1461 3083 Psalmi
1502 3011 1508 3059 t

471 3104 511 3185 pi..
534 3106 564 3191 nl.
589 3112 620 3170 et
643 3106 784 3192 Hymnus
807 3112 959 3191 petuntur
982 3124 998 3168 e
1022 3102 1188 3168 Communi
1202 3101 1382 3190 Virgiuum,
1398 3101 1460 3169 doti·
1503 3101 1508 3163 Ι

472 3193 575 3278 phoua
601 3194 640 3258 ed
663 3195 841 3282 Mcpoificot
863 3201 895 3257 et
918 3191 1026 3258 Oratio
1050 3200 1097 3256 cst
1121 3193 1266 3277 propria.
1292 3194 1385 3260 liobe
1405 3189 1446 3256 ili.
1505 3222 1508 3248 ι

429 3281 480 3347 ld.
504 3320 549 3330 —
573 3285 594 3349 l.
620 3282 652 3349 Si
678 3283 806 3348 Festum
830 3281 861 3346 S.
880 3281 1023 3366 Gregorii
1040 3281 1273 3366 Thaumaturgi
1290 3282 1427 3349 inciderit
1444 3279 1462 3342 ir
1506 3302 1508 3315 .

471 3371 596 3438 Feriam
624 3380 771 3458 quartam
795 3370 937 3449 Ouatuor
959 3370 1173 3456 Temporum‚
1196 3369 1367 3437 lectiones
1394 3363 1463 3456 primi
1502 3376 1507 3413 i

469 3459 623 3527 Nocturni
647 3470 722 3526 suut
746 3460 784 3524 de
808 3459 984 3533 Communi,
1008 3479 1120 3544 nempe
1138 3457 1256 3524 Fidelis
1272 3483 1383 3534 sermo,
1405 3473 1463 3522 noua

471 3550 578 3616 Lectio
602 3557 651 3614 est
674 3550 712 3614 de
737 3546 870 3613 homilia
890 3548 1007 3622 Ferme,
1031 3549 1120 3634 cnjus
1144 3567 1262 3633 nempe
1299 3563 1463 3616 commemo·

470 3641 552 3704 ratio
575 3640 609 3704 iit
632 3641 663 3703 iu
689 3638 847 3702 Laudibus
883 3645 914 3702 et
936 3637 1030 3701 Missa
1054 3656 1125 3701 cum
1149 3635 1296 3721 ejusdem
1322 3634 1464 3721 Evangelio

472 3729 502 3791 iu
526 3729 630 3793 llissae
654 3727 724 3794 linc:
750 3727 831 3791 biure
854 3725 1155 3790 vcrocelebrantur
1171 3725 1280 3792 blissre
1297 3729 1464 3794 Conventus·

474 3816 531 3891 les,
556 3837 634 3901 quas
657 3817 718 3880 vitc
742 3815 908 3880 ordinandi
934 3815 1015 3879 ratio
1035 3814 1102 3901 jam
1132 3814 1250 3880 tradita
1276 3827 1327 3882 est
1352 3838 1377 3881 c.
1400 3816 1425 3880 8.
1444 3830 1464 3875 u.

471 3903 490 3966 ΕΖ
515 3912 547 3968 et
569 3925 658 3990 seqq.
683 3905 879 3988 Ubicumque
903 3904 953 3969 dic
977 3903 1036 3968 hac
1066 3923 1167 3987 neque
1193 3902 1327 3972 Festum
1350 3899 1464 3970 occurrit

472 4011 583 4056 novem
608 3994 814 4069 Lectionum,
839 4013 940 4077 neque
964 3993 1080 4079 duplex
1103 3991 1234 4078 aliquod
1271 3990 1464 4082 reponendum

472 4080 565 4159 adsit,
582 4078 725 4148 Oisrcium
744 4082 870 4169 quidem
895 4082 1088 4169 persolvitur
1111 4079 1151 4146 de
1168 4080 1220 4148 dia
1236 4081 1325 4152 inira
1339 4081 1463 4153 cerem
