3484 4875
564 497 783 545 annorxrroans
799 500 829 545 vu
845 500 936 547 xesrx
952 500 1114 547 necsnanxs
1283 482 1347 547 tex

340 607 540 693 dnllplionae
558 627 594 673 ea
618 607 668 673 die
691 617 907 685 occurrentes,
924 629 985 693 qua
1009 607 1153 674 Officium
1176 609 1369 695 persolvitur

341 694 376 763 S.
405 696 550 771 Thomae.
578 696 650 762 Gor.
676 708 746 762 sect.
772 698 790 761 7
815 719 840 763 c.
864 698 885 762 Ξ
909 698 951 763 od
974 697 1053 763 buco
1080 698 1171 763 diem.
1210 697 1321 784 Confer
1342 721 1372 763 c·

342 785 426 851 tium
452 786 510 851 loc.
534 806 630 872 supro
654 785 707 851 cit.
1242 784 1247 791 “

331 872 352 939 l.
380 910 428 922 -
451 874 475 939 1.
501 873 534 938 si
559 874 688 940 llestum
712 872 744 939 S.
761 873 890 939 Thomu.
907 874 1054 940 inciderit
1069 876 1101 940 in
1117 874 1260 954 Quatuor
1282 874 1371 940 'lem-

339 982 439 1050 pora,
464 982 546 1028 nona
562 963 669 1028 Lectio
693 970 741 1029 est
765 962 803 1027 de
826 963 957 1029 homilia
980 962 1090 1039 Feriae,
1107 964 1197 1050 cujus
1220 964 1371 1028 nimirum

341 1053 614 1118 commemoratio
639 1060 687 1117 est
710 1050 853 1117 lacieuda
877 1052 909 1117 in
933 1051 1198 1141 Laudibns'(per
1220 1050 1373 1137 Antipho-

341 1160 425 1205 nam
448 1140 579 1226 Nolite)
602 1148 696 1225 atque
728 1141 760 1205 in
791 1140 887 1205 blissa
911 1161 983 1205 cum
1016 1142 1115 1227 ipsius
1146 1141 1315 1225 Evangelio
1339 1141 1371 1206 in

342 1230 434 1302 line3
461 1237 616 1314 praeterea
646 1229 716 1294 duae
748 1228 897 1294 dicuntur
918 1230 1021 1294 Missa
1053 1228 1304 1304 conventuales,
1335 1249 1371 1295 ea

341 1313 445 1405 plane
470 1318 593 1383 ratione
617 1338 711 1404 qnam
737 1318 944 1403 exposuimus
969 1338 995 1383 c.
1020 1318 1039 1383 8
1063 1340 1093 1382 n.
1118 1317 1138 1382 L
1163 1325 1194 1382 et
1217 1338 1306 1404 seqq.

390 1406 433 1471 tt.
459 1404 491 1470 Si
510 1405 602 1471 hodie
625 1405 722 1472 fucrit
738 1406 911 1482 Dominica‚
928 1406 1059 1472 Festum
1076 1405 1107 1472 S.
1126 1406 1255 1471 'lliomae
1272 1415 1373 1471 trans·

340 1493 453 1561 fertur
476 1493 515 1560 ad
540 1496 715 1581 proximam
743 1494 869 1559 Feriam
901 1494 1097 1570 secundam,
1130 1515 1200 1580 quae
1223 1496 1250 1559 si
1273 1496 1371 1580 impe-

345 1583 481 1659 diatur,
506 1591 632 1669 oportet
664 1583 799 1649 utillud
834 1584 938 1669 prima
973 1583 1022 1648 die
1045 1584 1145 1649 libera
1177 1592 1369 1671 reponatur:

344 1692 384 1738 ea
419 1692 517 1757 porro
551 1674 579 1737 si
613 1672 776 1758 usquead
805 1672 879 1736 anni
909 1673 1026 1738 exitum
1058 1672 1209 1748 deluerit,
1242 1683 1317 1738 tunc
1340 1672 1374 1738 id

370 1761 563 1827 raestabitur
597 1761 681 1847 quod
716 1761 775 1826 sub
812 1760 861 1825 die
897 1760 937 1825 50
973 1761 1158 1827 Novembris
1192 1781 1324 1827 numero
1347 1760 1370 1827 t.

345 1782 551 1917 Leclaratum
587 1859 645 1916 est.
681 1850 740 1915 Ubi
771 1848 901 1914 Festum
933 1848 993 1914 hoc
1029 1858 1078 1915 est
1110 1849 1225 1937 duplex
1259 1852 1371 1936 primae

347 1939 478 2014 classis,
503 1941 667 2025 peragitur
690 1940 740 2003 vel
763 1939 794 2003 in
819 1958 956 2004 occursu
979 1938 1167 2014 llominicae,
1192 1948 1226 2004 ut
1249 1939 1318 2004 heri
1340 1959 1372 2004 u.

348 2026 392 2092 LV
416 2028 608 2093 monuimus
633 2029 673 2092 At
708 2028 847 2092 enimin
872 2047 947 2092 casu
975 2028 1192 2092 translationis
1216 2027 1316 2093 Officii
1339 2027 1371 2092 S.

348 2115 483 2181 Thomae
518 2117 550 2181 in
584 2116 710 2181 Feriam
745 2116 939 2190 secundam,
964 2115 1143 2201 Antiphone
1176 2115 1214 2179 ad
1250 2115 1372 2181 Laudes

347 2224 411 2292 pro
437 2206 739 2271 commemoratione
763 2205 862 2271 Feriae
886 2212 935 2268 cst
950 2203 1031 2268 Dicit
1049 2203 1208 2275 Dominus
1232 2204 1259 2268 si
1283 2225 1373 2290 repo·

348 2302 451 2359 natur
474 2302 579 2360 autern
603 2296 635 2359 in
659 2293 782 2359 Feriam
808 2294 948 2367 tertiam,
971 2292 1158 2357 recitabitur
1191 2291 1371 2376 Antiphone

349 2402 423 2469 quae
448 2383 480 2447 in
505 2382 615 2449 eadem
638 2381 730 2448 Feria
754 2383 848 2448 tertia
871 2379 1046 2447 exhibetur.
1070 2380 1295 2447 Verumtamen
1319 2382 1372 2463 lio-

351 2472 405 2538 die
430 2473 691 2538 commemoratio
714 2471 815 2537 Feriae
843 2470 882 2535 ad
914 2470 1037 2537 Laudes
1072 2478 1225 2556 perpetuo
1258 2469 1293 2534 fit
1316 2491 1373 2557 per

349 2561 569 2645 Antiphonem
591 2560 713 2636 Nolite,
737 2560 964 2646 quodcumque
989 2558 1136 2626 Officium
1160 2560 1370 2643 persolvatur.

397 2649 451 2714 ΙΙΙ.
477 2646 586 2728 Quoad
617 2649 815 2735 Antiphonas
839 2647 992 2713 dicendas
1025 2648 1065 2712 ad
1096 2647 1220 2713 Laudes
1252 2656 1283 2712 et
1314 2668 1372 2734 per

348 2737 457 2804 Horas
481 2738 512 2803 in
530 2759 584 2804 sex
600 2737 700 2803 Feriis
716 2747 790 2803 ante
805 2737 955 2820 Vigiliam
972 2736 1161 2812 Nativitatis‚
1178 2737 1283 2801 recole
1300 2757 1370 2822 qure

351 2825 493 2892 diximus
516 2827 575 2892 sub
599 2825 650 2891 die
674 2827 713 2891 l7
738 2825 832 2911 liujus
855 2845 886 2891 n.
912 2825 940 2890 ll
963 2833 995 2890 et
1018 2825 1067 2890 die
1089 2825 1131 2890 bu
1155 2847 1185 2890 n.
1210 2823 1259 2889 lV.

328 2915 359 2982 Ξ.
385 2951 431 2964 ·-
455 2914 489 2980 Si
511 2915 604 2981 bodie
628 2918 733 2999 agitur
756 2914 900 2980 Officium
925 2913 963 2979 de
986 2912 1100 2988 teria,
1124 2914 1163 2979 ad
1194 2913 1316 2979 Laudes
1341 2922 1372 2980 et

350 3024 412 3092 per
435 3003 538 3069 Horas
561 3003 751 3069 adhibentur
774 3002 962 3088 Antiphone
978 3000 1104 3068 feriales
1121 3002 1269 3087 propriae.
1297 3002 1371 3068 Coo·

348 3093 419 3158 sule
442 3094 670 3158 annotationem
693 3097 724 3157 ic
759 3092 841 3157 diem
866 3092 906 3155 17
931 3092 1024 3178 hujus
1045 3114 1075 3157 o.
1099 3091 1140 3156 ΙΙ.
1165 3091 1255 3156 Etsi
1279 3091 1371 3156 Feria

350 3180 476 3246 incidat
498 3180 641 3260 Quatuor
663 3181 866 3267 Temporum
893 3181 999 3266 relege
1015 3181 1111 3245 etiam
1135 3179 1217 3265 quod
1245 3180 1372 3245 tradidi·

350 3290 427 3336 mus
450 3271 482 3335 in
505 3270 678 3337 Dominicis
702 3278 733 3336 et
756 3270 856 3335 Feriis
879 3269 1040 3336 Adventus
1064 3290 1094 3333 n.
1119 3268 1149 3333 6.
1174 3267 1263 3346 Quod
1288 3269 1315 3331 si
1338 3288 1370 3332 a·

349 3358 451 3426 licubi
474 3359 507 3424 in
531 3359 701 3446 posteriori
735 3378 811 3425 casu
835 3367 984 3426 occurrat
1006 3356 1135 3422 Festum
1171 3356 1286 3439 duplex
1320 3357 1369 3421 vel

352 3447 554 3533 semiduplex
578 3450 673 3514 etiam
697 3449 899 3525 translatum,
916 3467 998 3513 noua
1014 3445 1121 3510 Lectio
1138 3452 1187 3510 est
1210 3445 1248 3508 de
1271 3443 1370 3508 homi·

351 3539 397 3604 lia
420 3535 531 3614 beriae,
555 3537 646 3623 cujus
668 3535 797 3602 additur
813 3534 1072 3602 commemoratio
1096 3536 1128 3599 in
1151 3533 1314 3598 Laudibus
1336 3541 1369 3597 et

352 3627 451 3693 llissa
474 3645 547 3692 cum
578 3626 721 3713 ejusdem
752 3623 922 3710 Evangelio
948 3626 978 3689 in
1013 3623 1094 3696 [iue;
1125 3622 1208 3687 binae
1243 3620 1371 3687 demum

352 3716 460 3782 Missae
482 3715 712 3781 Conventuales
734 3722 809 3780 sunt
839 3712 1048 3789 celebrandae,
1079 3719 1174 3797 prout
1205 3718 1370 3776 ostensum

353 3814 405 3871 cst
429 3825 457 3870 c.
482 3804 501 3870 8
525 3825 556 3871 n.
581 3804 601 3870 l
624 3814 658 3870 et
680 3823 769 3888 seqq.
1333 3815 1335 3820 ’

325 3893 364 3962 tt.
388 3930 433 3942 -
457 3893 480 3958 1.
505 3892 540 3958 Si
562 3891 647 3980 apud
663 3912 721 3958 nos
738 3891 866 3957 Festum
890 3891 924 3956 B.
940 3889 1061 3955 Nicolai
1078 3886 1225 3952 inciderit
1247 3888 1278 3952 in
1295 3885 1372 3952 Sab-

354 3982 467 4049 batum
490 3980 633 4062 Quatuor
663 3981 867 4066 temporum,
898 3979 1062 4045 Lectiones
1094 3977 1189 4062 primi
1218 3975 1371 4065 Nocturni

355 4069 507 4139 dicuntur
528 4069 568 4138 de
590 4070 756 4138 Communi
779 4067 920 4138 secundo
942 4068 1025 4146 loco,
1048 4085 1161 4154 nempe
1177 4065 1291 4133 Rectus
1314 4061 1372 4139 cir,
