3484 4875
362 480 426 545 nod
549 495 724 542 eunonium
739 493 826 541 mum
843 494 980 541 oonnvnu
997 496 1201 543 onunneosnes

411 602 462 668 id.
481 600 621 667 Sabbato
647 608 720 686 post
736 600 933 666 Dominieom
950 600 1160 668 Pentecostes
1176 603 1207 667 in
1223 601 1370 689 Martyuolo·

343 691 395 774 gio
420 692 524 775 primo
547 691 618 755 loco
636 690 753 773 legitur
774 688 901 753 Festum
925 687 978 754 SS.
996 698 1026 754 et
1047 688 1225 754 indiuiduo·
1244 690 1374 754 Trinitatis.

342 776 377 842 ln
402 778 498 843 Missa
521 778 681 842 omittitur
696 776 832 861 ditetujo
849 776 882 840 in
905 774 967 839 fine
991 776 1186 862 Sequentioe.
1202 777 1289 842 Nullo
1308 787 1374 862 puoto

341 866 420 930 lioet
436 886 494 951 pm
518 863 673 929 hodierno
693 864 823 929 Missam
839 863 1012 929 Dominioae
1029 864 1242 948 praeoedentis
1257 874 1376 949 repetere.

341 953 373 1017 S.
398 952 434 1016 tt.
463 951 494 1017 0.
520 951 828 1039 dodonienses
855 939 1036 1037 Ulysboioen.
1061 951 1103 1016 od
1125 951 1157 1017 2.
1184 953 1257 1017 Post
1278 952 1378 1026 Nonam,

344 1038 492 1105 absoluto
508 1038 604 1104 Missa
621 1038 840 1113 conventuali,
859 1046 984 1123 tempus
1001 1038 1158 1105 Pasehole
1176 1039 1297 1104 desinit.
1312 1040 1379 1104 nou.

341 1127 374 1190 io
390 1126 462 1192 Sao.
476 1126 638 1214 proedicto.
661 1126 842 1191 Benedictio
867 1126 982 1190 Mensae
1006 1126 1102 1192 hodie
1118 1147 1157 1191 oe
1175 1127 1317 1213 deinceps
1334 1145 1382 1213 pet·

342 1214 448 1297 agitor
479 1222 512 1279 ut
540 1212 622 1278 inim
652 1234 781 1279 unnum.
805 1212 954 1298 Vespere
985 1223 1061 1279 sunt
1085 1214 1124 1279 de
1148 1217 1293 1300 sequenti
1313 1214 1396 1286 Festo

344 1299 401 1365 SS.
426 1300 592 1366 Trinitatis
617 1303 778 1385 proprio,
807 1320 881 1367 oum
909 1302 1217 1368 commemoratione
1245 1297 1398 1374 Bomiuioei

344 1408 402 1474 per
426 1389 641 1475 Antiphonem
664 1388 805 1473 Loquere
826 1388 855 1469 d.
886 1387 1087 1476 Vespertino‚
1112 1397 1211 1475 atque
1234 1388 1399 1470 Orationem!

344 1477 518 1561 propriam.
544 1477 591 1542 Ab
622 1475 710 1540 hisee
732 1475 882 1561 Vesperis
906 1496 1006 1562 usque
1030 1477 1069 1542 ed
1093 1476 1277 1544 Adventum
1300 1479 1400 1562 dicitu

344 1563 526 1647 Antiphone
551 1564 655 1629 finalis
687 1564 777 1629 Solve
804 1563 943 1649 Reqioo,
974 1563 1064 1630 flexis
1096 1566 1256 1648 genibus,
1287 1569 1400 1649 exeepto'

344 1649 511 1716 Dominiou
535 1658 596 1715 eto.
621 1658 657 1716 ut
686 1653 937 1736 premonuimus
967 1652 998 1716 in
1034 1652 1120 1717 diem
1149 1654 1322 1719 seeundum
1349 1651 1401 1716 no·

345 1738 467 1801 brionnii
496 1759 527 1802 n.
557 1737 598 1802 IV
628 1749 660 1804 et
683 1740 718 1806 V.
750 1740 1001 1826 Completorium
1032 1738 1232 1825 persolvitur'
1265 1752 1299 1807 ut
1326 1748 1389 1806 exto

348 1833 475 1909 tempus
498 1826 662 1892 Pasohole.
