3484 4875
588 520 762 569 amorium
778 522 808 569 rr
823 523 1026 570 acanonnmu
1041 522 1176 569 utronea
1330 501 1394 568 115
1479 497 1485 524 ¹

352 623 447 691 debr.
472 626 504 690 in
530 627 587 715 Off.
611 626 716 693 Ferice
738 631 854 715 quintae
870 630 902 695 in
919 628 1011 696 Coeeu
1034 630 1168 696 Domini.
1185 627 1233 695 ud
1249 627 1415 696 Lectiones

352 734 409 780 nec
433 715 596 801 profertur
617 718 795 795 absolutio,
818 739 877 785 111
901 718 1017 786 dautur
1038 718 1289 794 benedictiones,
1313 737 1415 804 neque

352 804 381 868 in
404 803 468 869 fine
491 805 609 872 dicitnr
635 807 680 873 l'c
702 818 807 873 eutem
829 807 970 874 11111111.
995 808 1043 874 dd
1068 807 1192 873 Laudes
1215 805 1414 893 1111111111-

351 892 417 957 lum
441 892 534 959 adest
558 915 659 981 neque
682 896 835 984 Hymnus.
860 896 927 963 Hoc
950 896 1056 963 triduo
1093 898 1126 962 in
1159 895 1222 962 fine
1255 895 1415 962 Horarum

351 983 493 1048 omnium
510 987 739 1069 pronunciatur
752 983 861 1052 Oratio
878 984 1004 1074 Respice
1020 986 1108 1052 llexis
1121 984 1254 1069 genibus
1268 992 1299 1050 11
1311 986 1414 1071 capite

350 1070 583 1157 aliquantulum
606 1074 758 1140 inclinato
782 1072 942 1162 (Coerem.
966 1074 1024 1163 up.
1054 1074 1104 1141 tib.
1130 1074 1150 1139 1
1175 1095 1201 1140 1.
1224 1073 1266 1139 bb
1282 1072 1316 1160 l,
1341 1082 1413 1159 post

351 1178 447 1243 quam
471 1159 566 1227 Pater
587 1173 689 1227 cester
712 1164 843 1229 minime
867 1162 1062 1248 adjungitur,
1085 1182 1144 1229 uec
1168 1161 1349 1249 Antiphone
1379 1163 1414 1229 li·

349 1248 455 1322 nalis;
479 1250 556 1316 item
580 1251 659 1316 nibil
695 1251 734 1317 de
767 1252 994 1340 blartyrologio
1023 1253 1230 1318 annuntiatur
1253 1249 1325 1337 (uli
1346 1250 1413 1336 jam

349 1339 650 1425 praemonuimus)‚
681 1360 741 1405 nec
771 1340 889 1407 dicitur
917 1339 1055 1406 Pretiosa
1085 1350 1144 1406 etc.
1170 1338 1218 1427 (ἢ.
1241 1339 1415 1406 dmovetur

348 1424 477 1491 demum
507 1448 524 1492 e
554 1430 637 1496 vasis
672 1429 822 1495 Ecclesiae
852 1429 942 1516 Aqua
974 1429 1150 1496 benedicta.
1183 1430 1215 1495 S.
1246 1427 1282 1493 R.
1309 1427 1341 1495 C.
1371 1428 1413 1493 ln

346 1512 422 1580 Noc.
448 1516 530 1582 leti
557 1520 589 1581 ia
617 1539 680 1582 uuo
708 1518 886 1584 Marsorum
916 1518 958 1583 ud
986 1518 1039 1584 oo.
1069 1517 1152 1598 Quid
1178 1516 1288 1605 perlici
1319 1537 1412 1604 opor·

347 1610 435 1680 teat,
459 1606 487 1669 si
515 1606 548 1670 in
571 1606 632 1671 hoc
662 1606 802 1673 triduum
830 1605 974 1673 incidant
996 1606 1091 1673 Festa
1123 1607 1155 1672 S.
1183 1604 1324 1692 Joseph,
1349 1607 1411 1671 dn·

345 1693 554 1760 nuntiationis
577 1697 627 1761 vel
650 1695 737 1761 aliud
760 1696 800 1761 de
823 1704 983 1783 precepto
1007 1697 1039 1761 in
1062 1695 1162 1772 Foro,
1186 1695 1332 1781 superius
1356 1693 1411 1761 de·

346 1781 505 1848 claretum
528 1792 577 1849 est
600 1783 659 1849 sub
684 1782 735 1849 die
758 1786 799 1851 19
823 1786 928 1852 llartii
951 1806 981 1851 n.
1005 1785 1049 1851 lll
1073 1785 1242 1851 1111115
1267 1804 1297 1849 1.
1321 1782 1362 1848 VI
1379 1793 1412 1851 et

345 1889 435 1957 seqq.
452 1870 489 1937 lu
511 1870 571 1937 boc
596 1873 700 1939 triduo
722 1873 868 1961 Exequiaa
890 1874 1050 1941 solemnes
1066 1873 1300 1940 interdicuntur
1316 1874 1413 1939 etiam

342 1968 504 2044 praesente
527 1960 707 2037 Cadavere;
732 1961 877 2030 Officium
901 1964 1018 2050 quippe
1035 1963 1213 2030 emortuale
1236 1982 1274 2029 ac
1296 1982 1409 2049 preces

343 2048 505 2132 privatim,
528 2052 666 2135 persolvi
683 2072 763 2139 opus
782 2060 841 2129 est,
858 2058 890 2117 et
906 2054 975 2117 sine
991 2061 1098 2119 cantu.
1115 2053 1147 2118 S.
1165 2051 1200 2116 ll.
1221 2052 1253 2117 0.
1271 2051 1308 2117 ll
1327 2050 1407 2137 dep.

344 2136 431 2202 1756
455 2139 487 2203 ic
510 2138 700 2206 Placentina.

410 2226 441 2292 9.
466 2226 558 2294 Feria
588 2230 698 2315 quinta
728 2228 762 2294 in
793 2227 889 2295 Goena
919 2228 1047 2294 Domini
1078 2233 1128 2293 est
1159 2225 1276 2313 duplex
1297 2227 1411 2383 grimm

344 2313 470 2383 classis.
505 2315 554 2383 Ad
588 2317 734 2384 tillicium
768 2318 858 2383 color
890 2316 1061 2384 adhibetur
1095 2316 1265 2382 violaceus.
1323 2317 1410 2381 mnia

343 2413 542 2490 peraguntur
564 2414 601 2473 ut
630 2406 685 2473 ibi.
708 2407 802 2474 Hora
832 2407 1059 2495 persolvuntur
1090 2404 1231 2472 candelis
1254 2405 1410 2472 accensis.

343 2492 392 2558 dd
416 2494 546 2562 Missam
570 2496 696 2562 unicam
721 2495 970 2562 conventualem
1003 2495 1162 2583 (excepto
1194 2515 1270 2561 casu
1298 2514 1409 2561 occur·

342 2584 455 2650 rentiae
478 2584 613 2673 alicujus
636 2585 722 2651 resti
746 2584 785 2651 de
808 2590 971 2672 praecepto
994 2585 1028 2651 iu
1052 2583 1145 2662 Foro,
1168 2590 1203 2649 ut
1225 2604 1266 2650 cn.
1290 2599 1408 2671 prece·

402 2892 440 2973 (¹)
461 2897 493 2954 ln
514 2893 633 2974 hujusce
647 2893 750 2954 Tridui
772 2892 856 2954 Horis
879 2891 1030 2955 canonicis
1052 2891 1194 2954 triduanae
1216 2893 1315 2955 mortis
1330 2893 1411 2956 Clui-

339 2974 374 3035 sti
396 2974 580 3036 celebramus
601 2973 749 3054 exequias.
772 2972 943 3034 blatutinum
964 2981 993 3034 et
1012 2973 1123 3035 Laudes
1152 2983 1259 3052 praeter
1280 2993 1410 3048 rnorem,

342 3055 429 3114 etiam
452 3054 481 3114 ln
503 3054 616 3123 Cboro,
639 3052 734 3133 pridie
756 3070 822 3114 sero
844 3053 1022 3126 recitantur,
1043 3062 1072 3114 et
1097 3053 1173 3115 Solis
1194 3061 1257 3132 post
1277 3071 1411 3116 occasum

341 3134 541 3205 absolvuntur,
563 3133 763 3211 ingruentibus
781 3132 840 3212 jam
863 3133 1013 3208 tenebris,
1034 3142 1065 3194 ut
1086 3133 1222 3195 nimirum
1245 3151 1406 3214 repraesen-

342 3222 421 3275 tetur
442 3231 563 3274 occasus
582 3214 657 3274 Solis
675 3212 803 3286 justicia,
826 3214 876 3292 qui
898 3222 942 3274 est
962 3213 1095 3275 Christus
1116 3213 1272 3286 Dourirurs;
1287 3215 1412 3292 iteurque

341 3303 375 3354 11
402 3292 569 3373 spirituales
601 3292 800 3370 significentur
821 3292 914 3369 gentis
934 3291 1062 3355 iudaicae
1083 3294 1230 3366 tenebre,
1259 3292 1288 3354 in
1310 3293 1410 3353 mundi

339 3376 493 3435 Servatore
523 3373 692 3452 abnegando
712 3380 742 3433 ct
772 3371 977 3450 crucifigendo.
999 3377 1142 3434 consueto
1169 3380 1247 3434 caret
1274 3371 1354 3433 initio
1374 3391 1409 3433 ac

340 3451 398 3514 dne
429 3451 599 3514 blotutinum
630 3471 696 3514 curn
717 3452 817 3522 lloris,
849 3470 954 3530 rrenrpe
986 3451 1128 3514 omittitur
1148 3453 1233 3517 Deua
1265 3455 1297 3512 in
1317 3450 1408 3526 odju-

341 3536 475 3606 torinm,
496 3534 556 3593 Per
576 3535 756 3606 Dominum,
779 3529 994 3594 Benedicumus
1014 3533 1152 3607 Domino,
1173 3531 1286 3612 aliaque
1307 3530 1408 3611 liujus·

338 3612 438 3687 modi3
459 3612 527 3692 quia
548 3631 563 3672 a
585 3612 668 3674 nobis
688 3611 801 3674 ablatus
823 3620 868 3674 est
896 3619 982 3690 atque
1012 3613 1132 3674 recessit
1152 3611 1282 3674 cbristus
1305 3610 1404 3673 Donni·

338 3710 403 3766 nus,
417 3691 468 3774 qni
488 3693 812 3771 1111111111011131,
837 3691 1012 3770 principium
1033 3699 1062 3752 et
1083 3689 1158 3767 linis,
1179 3691 1288 3772 quique
1305 3691 1406 3753 itidem

338 3781 382 3833 est
403 3789 536 3832 summus
556 3773 697 3834 Sacerdos
716 3793 749 3834 ac
772 3772 911 3834 blediator
932 3783 1048 3844 noster,
1077 3773 1126 3851 qni
1150 3772 1198 3833 ubi
1229 3770 1311 3834 uobis
1331 3771 1406 3832 desit

340 3871 426 3914 nemo
447 3861 488 3912 est
508 3850 544 3911 ad
567 3871 652 3933 quero
675 3854 884 3932 confugiamus.
911 3853 961 3913 llla
982 3852 1205 3914 democratiam
1234 3851 1406 3931 praetermit-

337 3940 459 4004 tuntur,
480 3940 512 3992 ut
531 3932 568 3993 ob
590 3932 695 3993 Cbristl
716 3932 881 3994 Passionem
903 3950 935 3994 ee
957 3935 1088 4002 blortem,
1110 3933 1315 4014 bominumque
1337 3950 1406 4011 pec·

337 4021 422 4087 eata,
444 4012 473 4073 in
495 4011 579 4073 nobis
611 4030 719 4075 rnoeror
749 4013 844 4078 luctus
873 4010 1018 4092 uniruique
1040 4013 1218 4091 perturbatio
1239 4011 1406 4094 expressius

335 4097 441 4170 patent.
462 4094 563 4154 licente
582 4093 644 4155 dec
665 4094 749 4170 opud
772 4094 931 4170 neumam,
953 4095 1094 4170 uticeque.
