3484 4875
438 505 500 573 538
719 524 939 588 annorurrouus
954 525 985 571 nr
1000 524 1090 571 susm
1105 525 1181 571 suun

364 621 366 627 ’
455 638 529 719 post
560 629 715 716 ejusmodi
746 629 898 697 Octavam
921 630 1051 697 Festum
1083 631 1132 697 Ss.
1157 630 1295 697 Victoris
1329 637 1363 697 et
1384 631 1473 699 luno·

458 720 555 787 centii
584 720 646 784 erit
674 719 910 806 reponendum,
939 721 971 785 in
995 740 1095 806 eoque
1119 720 1310 786 haurientur
1334 723 1476 788 omnine

458 808 624 874 Communi
647 809 859 894 plurimorum
890 809 1067 896 Martyrum
1091 810 1195 894 primo
1226 810 1299 874 loco
1326 808 1476 897 (tametsi

457 917 540 962 unus
564 898 606 961 sit
628 896 747 985 Martyr
770 906 801 962 et
825 898 907 963 alter
928 896 1120 983 Conlessor),
1145 905 1263 984 praeter
1286 900 1426 984 primam
1448 906 1477 964 et

458 985 632 1052 secundam
665 985 846 1051 Laelionam
878 986 1009 1051 secundi
1040 986 1195 1052 Nocturni
1225 1006 1299 1051 oum
1332 985 1480 1053 Oratione

460 1074 542 1161 (ubi
564 1073 692 1139 nomina
714 1075 891 1139 reticentur
912 1073 1038 1139 Nazarii
1061 1082 1094 1139 et
1115 1072 1231 1161 Celsi),
1257 1095 1330 1160 quoa
1354 1078 1480 1162 propria

460 1162 577 1228 adsunt
599 1163 630 1226 in
646 1163 806 1228 Breviario
830 1162 890 1226 bac
906 1164 975 1248 ipsa
999 1162 1062 1228 die:
1081 1163 1177 1228 Missa
1200 1183 1330 1249 qnoque
1346 1164 1479 1230 babetur

459 1252 599 1337 propria.
627 1250 730 1316 Govat.
763 1250 844 1316 tol
876 1272 901 1316 e.
935 1253 954 1316 5
986 1250 1057 1316 att
1092 1274 1122 1316 n.
1156 1252 1175 1317 5
1207 1259 1236 1315 et
1257 1273 1342 1339 seqq.
1376 1253 1480 1340 Relcpc

461 1340 555 1404 etiam
578 1362 604 1405 c.
628 1340 649 1404 2
672 1363 702 1404 u.
728 1340 795 1404 50:

504 1427 543 1493 ll.
567 1428 603 1492 ln
626 1427 777 1503 Sabbata,
794 1427 880 1514 quod
896 1428 943 1494 vel
961 1426 1055 1491 bodie
1079 1435 1228 1493 occurrat
1244 1428 1295 1493 vel
1312 1430 1480 1515 posthanc

461 1516 555 1591 diem,
579 1517 761 1602 Antiphone
784 1517 824 1581 arl
848 1516 1026 1603 Mapniyieat
1049 1536 1107 1601 pro
1131 1516 1295 1581 Dominiea
1322 1519 1481 1603 sequenti,

460 1605 511 1671 vel
535 1623 592 1691 pro
616 1605 682 1690 ejus
707 1605 1030 1679 commemoratione,
1055 1611 1103 1669 est
1134 1604 1293 1693 Sapientia
1320 1607 1482 1695 aedificavit

461 1690 520 1757 sibi
541 1693 691 1765 atomum·
723 1701 851 1779 etpost
874 1692 955 1757 banc
979 1694 1111 1777 reliquae
1133 1693 1327 1778 Antiphonae
1353 1704 1481 1781 praeter·

460 1782 631 1846 mittuntur
655 1780 692 1846 de
715 1782 806 1848 libris
831 1781 963 1865 Regum.
988 1782 1084 1847 Rubr.
1108 1792 1178 1847 ante
1201 1782 1402 1848 Nominiaarn
1429 1782 1482 1849 Vll

459 1879 531 1957 post
553 1869 758 1935 Pentecosten.

418 1957 471 2023 29.
494 1994 538 2006 -
561 1956 594 2021 Si
618 1960 777 2043 quapiam
791 1958 830 2023 tle
853 1960 950 2024 eausa
967 1957 1123 2023 celebrari
1147 1978 1278 2023 necesse
1294 1959 1339 2023 sit
1355 1959 1481 2025 Missam

367 2111 370 2126 ,
462 2044 512 2111 Ss.
537 2045 651 2112 Felicis
675 2055 707 2111 et
730 2047 897 2112 Sociorum
921 2047 1105 2133 Martyrum,
1122 2048 1192 2132 ipsa
1215 2048 1276 2111 erit
1291 2047 1481 2135 Sapientiam

462 2133 501 2198 de
524 2133 711 2211 Communi,
735 2156 807 2200 oum
831 2134 1036 2200 Orationibus
1061 2137 1197 2221 propriis
1221 2144 1257 2199 ut
1289 2135 1342 2201 die
1365 2136 1427 2203 bac
1452 2137 1480 2201 in

465 2222 595 2289 Missali.
1441 2226 1444 2231 ’

420 2312 471 2377 bO.
495 2348 538 2359 -
561 2312 584 2376 l.
609 2311 718 2376 Oratio
743 2311 775 2376 S.
793 2312 918 2377 Camilli
942 2311 980 2377 de
1003 2309 1099 2376 bellis
1116 2332 1179 2377 nou
1196 2319 1244 2377 est
1265 2312 1480 2379 concludenda

461 2400 637 2466 latinitate
659 2400 818 2488 ejusdcm,
851 2400 907 2466 serl
931 2400 1119 2486 simpliciter
1141 2401 1178 2466 ln
1209 2401 1327 2467 unitate
1349 2402 1480 2491 Spiritus

461 2491 560 2554 sancti
581 2497 640 2555 etc.
665 2492 696 2555 S.
723 2489 757 2554 R.
778 2490 809 2555 0.
834 2491 853 2555 7
878 2490 950 2554 Dec.
978 2489 1064 2554 1814
1087 2491 1119 2553 iu
1141 2489 1334 2554 Mecblinien.
1352 2491 1396 2555 ad
1418 2492 1448 2557 9.

505 2578 543 2643 ll.
562 2576 691 2657 Oranties
708 2577 837 2644 Festum
854 2578 886 2643 S.
905 2578 1029 2642 Camilli
1046 2579 1077 2642 in
1099 2578 1182 2643 aliem
1199 2577 1406 2655 transfertur,
1423 2598 1479 2665 qua

462 2665 544 2730 desit
566 2687 650 2732 nona
672 2668 779 2731 beatio
805 2666 843 2731 dc
867 2667 998 2732 bomilia
1022 2667 1070 2731 vel
1095 2667 1272 2752 cujuspiam
1295 2666 1386 2732 Festi
1411 2670 1479 2734 sim·

460 2755 575 2841 plicis,
606 2763 681 2820 tunc
713 2764 823 2820 octava
845 2754 953 2821 beatio
987 2755 1162 2821 absolvitur
1194 2755 1233 2820 ad
1265 2755 1363 2821 verba
1387 2757 1479 2822 Nemo

459 2851 683 2994 autcmlpotcst
705 2843 869 2932 desperare
893 2843 948 2930 qui
969 2844 1090 2929 diripit,
1121 2863 1206 2910 nona
1228 2863 1302 2909 tero
1327 2845 1444 2932 incipit
1464 2864 1481 2909 a

460 2949 538 2994 vnce
579 2940 679 3016 taque.

502 3017 554 3082 111.
579 3018 637 3083 Ubi
670 3019 803 3085 Nestum
833 3018 882 3086 Ss.
914 3020 1028 3086 Abdon
1058 3028 1090 3086 et
1121 3020 1246 3086 Sennen
1280 3023 1390 3105 agitur
1421 3022 1480 3088 ritu

458 3107 618 3193 simplici,
642 3109 771 3173 attende
795 3129 866 3193 qun
890 3110 1139 3196 praemonuimus
1164 3110 1214 3174 elie
1239 3109 1281 3174 ll
1303 3111 1428 3196 Aprilis
1449 3130 1477 3175 n.

457 3194 521 3269 lll;
546 3194 600 3260 nbi
622 3215 696 3262 vero
721 3197 836 3281 duplex
859 3206 909 3262 est
938 3198 988 3262 vel
1012 3198 1231 3284 semiduplex‚
1255 3197 1404 3264 Officium
1428 3218 1479 3286 pe·

458 3283 589 3350 tendum
613 3292 662 3349 est
692 3306 708 3350 e
740 3284 906 3351 Communi
935 3286 1147 3372 plurimorum
1178 3285 1354 3373 Martyrum
1379 3289 1480 3374 primo

460 3372 543 3448 loco,
567 3380 685 3459 praeter
708 3374 844 3459 primam
867 3373 1049 3441 Laelionam
1077 3375 1207 3440 secundi
1230 3373 1387 3441 Nocturni
1412 3395 1481 3442 cum

459 3460 619 3537 Oratione,
637 3483 707 3546 quae
728 3464 858 3548 propria
883 3470 1056 3549 suppetunt
1072 3464 1104 3528 in
1120 3463 1291 3538 breviario,
1309 3483 1347 3528 ac
1364 3472 1482 3550 praeter

458 3548 623 3615 Lectiones
648 3551 734 3614 tertii
756 3550 922 3629 Nocturni,
940 3573 1010 3637 quae
1034 3573 1144 3617 omnes
1167 3552 1358 3617 hauriantur
1374 3574 1415 3618 ex
1430 3552 1481 3618 Fe·

459 3646 509 3702 sto
534 3639 675 3704 omnium
699 3638 891 3705 Sanctorum
916 3641 965 3705 die
989 3641 1092 3728 prima
1116 3640 1312 3706 Novembris.
1338 3641 1368 3706 S.
1388 3641 1426 3707 R.
1451 3641 1480 3706 C.

459 3725 580 3812 salop.
608 3727 688 3792 lOOl
715 3727 748 3790 in
773 3727 988 3816 Cartbapiucn.
1013 3729 1054 3795 aci
1085 3730 1115 3795 O.
1140 3729 1236 3794 Missa
1267 3730 1401 3816 propria
1425 3729 1481 3796 bac

461 3815 530 3900 ipsa
555 3815 605 3879 dia
629 3824 747 3901 praesto
771 3824 831 3882 est.
967 3843 974 3856 ·

416 3902 467 3968 51.
491 3938 535 3951 -
557 3902 724 3969 Conclusio
741 3902 901 3972 Orationis
925 3907 957 3973 S.
975 3907 1090 3992 Ignatii
1108 3907 1146 3973 rle
1162 3905 1280 3994 boyola
1303 3905 1374 3973 baec
1399 3916 1480 3973 esto:

422 4052 427 4062 ,
457 3989 521 4055 Per
547 3991 714 4056 Dominum
742 4004 882 4059 nostrum
912 4004 972 4064 etc.
996 3997 1046 4064 Itu
1076 3995 1199 4064 Missale
1229 3995 1317 4062 Nona.
1345 3996 1482 4085 typicum

459 4078 567 4152 Rornae
591 4081 662 4148 edit.
687 4104 766 4148 annu
791 4083 887 4151 1861.
