3484 4875
361 474 425 541 581
607 490 827 536 sonorarronss
843 490 874 536 m
889 489 981 536 rnsns
998 490 1137 538 osronms

382 599 443 667 nisi
459 595 543 663 istud
559 595 745 683 primariam
769 596 811 660 sit
833 595 992 680 simulque
1008 596 1125 682 insigni
1147 594 1304 681 dignitatem
1350 610 1355 668 1,

384 689 494 755 ditum.
518 686 612 751 Rubr.
635 684 735 772 pecul.
758 707 788 748 a.
813 684 854 750 78
879 695 908 749 et
932 684 1006 750 leo.
1031 685 1123 765 Quod
1144 705 1206 751 vero
1223 682 1309 749 alnis
1341 717 1355 762 p

382 796 456 844 uem
478 782 611 861 spectat,
634 793 694 858 qua
712 793 730 837 1
746 771 957 857 Regularibus
980 773 1111 840 Mestum
1135 774 1232 861 proprii
1241 770 1263 837 S.
1272 769 1313 838 ln
1348 789 1350 799 ¹

383 864 503 931 datoris
519 870 568 927 est
584 862 762 936 colendum,
785 881 825 927 an
846 861 969 927 scilicet
986 883 1060 929 aum
1076 871 1220 951 praecepto
1231 857 1315 925 alstani
1346 876 1355 940 p

383 953 482 1019 Sacro
512 960 544 1017 et
577 950 756 1015 abstinendi
790 970 808 1015 a
843 950 1010 1016 servilibus
1042 972 1160 1028 nec-ne,
1191 949 1316 1033 singulum

383 1040 537 1108 Ordinum
560 1040 807 1104 Constitutiones
830 1038 995 1104 observari
1018 1061 1078 1127 par
1100 1048 1157 1106 est.
1178 1033 1318 1106 sliat
1352 1057 1354 1061 ⁴

384 1130 447 1195 lul.
472 1129 554 1194 1887
578 1129 610 1191 lu
635 1126 803 1192 Corduben.
827 1126 869 1190 orl
893 1128 921 1193 l.

429 1218 466 1283 ll.
492 1216 656 1284 Utentibos
687 1223 797 1281 nostro
828 1213 1040 1281 Francisaaoo
1065 1216 1214 1282 breviario
1239 1216 1324 1280 liceto

384 1306 548 1393 privilegio
582 1306 614 1369 in
640 1302 792 1392 Confiteor
820 1302 860 1368 au
891 1303 1052 1382 Primam,
1088 1305 1327 1391 eompletuime

385 1397 514 1461 Missam
547 1402 618 1480 post
647 1395 775 1458 nomina
808 1390 856 1457 Ss.
882 1393 1108 1478 Apostolorum
1140 1393 1242 1460 addere
1263 1405 1328 1457 nona

385 1483 474 1549 Booti
496 1479 597 1547 Patris
619 1482 713 1546 nostri
738 1479 905 1546 Francisel.
929 1481 1016 1546 Hanc
1039 1482 1149 1549 itidem
1172 1480 1257 1547 Patris
1278 1475 1331 1544 moi

387 1572 631 1658 appellationem
662 1569 774 1636 iisdem
805 1568 852 1634 las
885 1578 933 1635 est
956 1590 1112 1657 usurpare
1144 1572 1174 1636 in
1195 1570 1219 1653 1.
1242 1570 1287 1634 ltro
1302 1583 1332 1654 pr

262 1714 268 1729 .
385 1660 470 1725 uobis
492 1667 551 1724 etc.
576 1667 607 1724 et
630 1660 661 1722 in
686 1657 889 1723 Orationibus
912 1678 966 1724 sea
990 1659 1142 1725 Breviarii
1165 1655 1334 1726 1111115111

390 1747 442 1812 ubi
470 1746 655 1812 Patriaroba
686 1746 877 1831 Scrapbicus
907 1747 1099 1813 nominator.
1123 1748 1213 1813 Rubr.
1232 1744 1335 1835 pamla

388 1835 451 1901 158
476 1848 505 1900 et
527 1835 557 1900 S.
582 1835 618 1900 n.
645 1834 676 1900 C.
699 1835 742 1900 88
765 1834 844 1921 Aup.
870 1835 953 1901 1818
978 1836 1009 1899 ia
1032 1834 1188 1925 Hispoleu.
1210 1836 1246 1901 acl
1263 1835 1286 1899 8.

344 1924 374 1991 5.
396 1960 440 1972 -
462 1923 520 1989 Ubi
544 1922 769 1989 celebrandum
792 1925 833 1988 sit
856 1922 999 1989 Officium
1024 1922 1073 1990 Ss.
1096 1924 1211 1990 Placidi
1232 1932 1259 1989 et
1275 1917 1338 1986 Sosis

388 2032 460 2079 rum
482 2012 656 2099 Martyrum
679 2014 741 2077 ritu
765 2012 912 2098 simplici,
930 2013 960 2078 id
983 2013 1165 2099 perficiatur
1188 2012 1261 2099 quod
1278 2004 1339 2075 lom

387 2121 459 2167 mus
482 2100 541 2167 sub
566 2100 616 2167 die
643 2101 682 2166 11
705 2099 823 2186 Aprilis
847 2120 877 2166 n.
901 2100 953 2165 111.
978 2101 1072 2168 Missa
1096 2102 1157 2167 erit
1179 2102 1259 2168 Salus
1280 2100 1342 2164 tour

387 2188 426 2256 de
452 2189 616 2256 Communi
645 2190 855 2275 plurimorum
878 2189 1073 2277 Martyrum,
1099 2210 1172 2257 eom
1198 2183 1342 2257 Orationibo

387 2297 458 2366 qoae
479 2278 539 2344 hac
562 2279 631 2365 ipsa
655 2277 705 2343 dic
728 2279 865 2365 propriso
889 2286 1005 2343 extant.

345 2368 375 2433 7.
398 2404 442 2416 —
464 2367 488 2433 1.
512 2365 662 2447 Quamvis
684 2366 814 2432 Festum
837 2365 869 2433 8.
895 2366 1020 2432 Henriei
1044 2366 1128 2454 apud
1151 2388 1218 2448 nos,
1239 2382 1319 2450 nonq

390 2456 462 2523 ‹lern
479 2456 529 2522 die
546 2457 587 2522 l5
603 2456 689 2533 lolii,
713 2454 768 2520 sod
792 2455 885 2522 hodie
908 2457 1033 2533 colitur,
1057 2458 1089 2523 iu
1113 2457 1181 2543 ejus
1204 2451 1346 2524 tamenllrr

387 2546 473 2611 tione
496 2565 558 2610 non
583 2552 657 2610 sont
679 2544 840 2611 reticenda
863 2546 959 2611 rerba
982 2546 1037 2611 illa
1060 2543 1217 2613 Hodierna
1239 2545 1286 2611 die.
1303 2539 1348 2633 flat

387 2636 472 2700 enim
494 2633 591 2700 rerba
614 2634 697 2698 hanc
713 2633 762 2698 vel
779 2634 915 2698 similem
938 2652 1066 2700 sensum
1088 2633 1349 2721 coenonobium

386 2722 422 2788 B.
440 2721 609 2788 Hominum
628 2720 834 2808 Cousessorem
850 2732 938 2789 tuum
962 2745 977 2787 e
1001 2726 1117 2788 terreni
1132 2725 1257 2790 eulmine
1269 2723 1349 2807 lupo

389 2811 431 2875 ool
452 2831 581 2897 repuum
604 2821 754 2874 mter-rrum
778 2811 975 2884 transtulisti:
1005 2812 1086 2896 piroil
1113 2813 1280 2903 beneficium
1297 2805 1348 2902 tlte

363 2929 365 2933 ·
388 2909 416 2962 te
433 2920 606 2963 eoncessum
622 2898 784 2963 recolimus
800 2899 947 2964 hodierno
965 2899 1023 2964 die.
1048 2901 1092 2965 bo
1117 2902 1162 2967 111
1187 2922 1274 2989 porro
1291 2898 1348 2962 ios

385 2987 523 3140 mili4bos.
552 2986 695 3052 Tetamus
716 2987 758 3051 acl
780 2987 861 3054 diem
887 2987 926 3053 15
950 2987 1035 3053 lulli.
1072 2987 1181 3056 Recole
1203 2992 1287 3056 ctiam
1302 2982 1348 3049 luo

389 3096 415 3141 a.
482 3098 512 3140 a.
537 3075 567 3141 8.

428 3162 466 3229 ll.
492 3162 525 3229 81
549 3164 665 3229 alicubi
688 3171 833 3250 oporteat
849 3163 993 3231 Officium
1016 3167 1126 3251 peragi
1145 3165 1176 3233 S.
1194 3163 1347 3244 Maroilap

386 3260 418 3319 et
441 3251 638 3318 Conlessoris
661 3254 723 3318 ritu
748 3254 896 3338 simplici,
920 3253 999 3319 illud
1022 3253 1197 3332 ordinabis,
1214 3263 1347 3344 prootpo

385 3343 540 3428 scriptum
570 3349 621 3407 est
643 3342 700 3406 snb
726 3341 776 3406 ilic
800 3342 841 3407 11
864 3343 982 3428 Aprilis
1013 3362 1043 3407 n.
1068 3342 1122 3408 111.
1147 3344 1242 3413 111551
1263 3335 1347 3410 esitii

385 3430 522 3496 oerclotes
546 3431 591 3495 tui
613 3429 652 3494 de
675 3430 839 3496 Communi
856 3429 1052 3495 Conlessoris
1077 3431 1239 3500 Pontificis
1260 3420 1346 3499 seoonl

389 3520 470 3597 loeo,
495 3539 567 3585 cum
591 3515 794 3584 Orationibus
824 3535 893 3605 qua
919 3518 968 3584 die
991 3518 1050 3584 bac
1080 3520 1111 3584 in
1136 3521 1254 3589 Missali
1279 3520 1346 3608 prasi

390 3617 473 3674 sunt.
499 3607 533 3674 81
556 3627 631 3673 vero
654 3606 787 3692 legenda
810 3609 852 3674 sit
876 3607 969 3673 Missa
992 3606 1041 3673 Ss.
1059 3606 1165 3692 Sergii
1189 3620 1221 3677 et
1236 3610 1346 3678 Socioru

384 3693 570 3784 Martyrum,
594 3715 665 3761 eam
688 3715 793 3761 sumes
818 3716 835 3761 ε
859 3696 1023 3761 Communi
1048 3697 1260 3782 plurimorum
1281 3697 1346 3775 11111,

312 3819 319 3836 ι
382 3801 454 3848 rum
476 3783 615 3850 secunrlo
639 3786 719 3859 loco,
744 3803 857 3871 nempe
880 3785 1082 3871 Sapientiam,
1107 3804 1181 3853 esim
1199 3781 1345 3855 Oratiooib

385 3889 455 3956 quae
478 3874 615 3958 propriae
639 3871 764 3938 adsunt.

337 3957 500 4025 Dominica
512 3961 650 4027 soconda
663 3960 819 4039 (latebris,
829 3961 918 4049 juxta
933 3962 1022 4030 civile
1035 3975 1234 4052 computum,
1246 3961 1345 4054 aputu

384 4054 416 4116 et
431 4046 507 4114 alibi
522 4047 651 4144 Mestum
668 4051 773 4137 agitur
788 4051 999 4119 Maternitatis
1015 4052 1050 4120 B.
1068 4054 1107 4122 M.
1124 4054 1174 4135 V.,
1192 4064 1226 4124 ut
1241 4048 1344 4124 1111111
