3484 4875
363 465 428 534 att
583 487 757 533 Assorinos
773 488 802 533 rs
818 488 1025 533 uennounntu
1041 487 1187 535 uriom

342 593 501 670 admittit,
532 613 569 659 ac
593 594 726 681 proinde
749 594 887 660 excludit
917 596 1015 660 etiam
1041 594 1207 662 collectas
1236 595 1314 680 imper

341 703 400 771 pro
423 704 458 749 re
482 684 579 767 gravi.
607 683 718 769 Confer
740 706 766 749 e.
792 685 811 750 6
836 707 866 749 o.
893 684 922 748 5.

409 773 439 837 5.
462 772 539 837 Post
561 771 721 847 Tertiam,
753 780 883 858 peracta
907 771 946 837 dc
971 792 1064 837 more
1088 772 1195 860 Aquae
1217 770 1315 838 lustrat

342 862 516 947 spersione
541 861 575 925 tit
598 860 776 933 benedictio
800 871 832 926 et
855 860 1038 926 distributio
1064 862 1272 936 Palmarum‚
1292 860 1315 925 dt

342 949 519 1015 Processio.
537 949 710 1016 celebrans
734 951 834 1016 utitur
857 950 1001 1025 Plurimi,
1017 950 1169 1017 Ministri
1192 952 1223 1017 in
1242 950 1315 1033 insin

345 1036 472 1123 quidem
489 1038 638 1103 Ecclesiis
664 1038 783 1124 (recole
804 1039 946 1127 aripertus
962 1038 1118 1103 adnotato
1145 1040 1181 1105 t'n
1198 1038 1303 1117 Quodn

343 1126 493 1193 Planctas
522 1127 658 1192 induunt
689 1128 822 1213 plicatas
850 1147 947 1213 super
977 1135 1200 1213 pectuscum
1230 1128 1315 1212 dianir

345 1235 425 1301 quos
449 1224 522 1281 ante
544 1216 787 1282 Processionem
811 1215 987 1301 deponunt3
1005 1216 1085 1281 alibi
1108 1237 1191 1284 vero
1214 1216 1315 1282 adsiste

344 1304 435 1369 Albis
452 1323 525 1370 carm
537 1304 706 1390 ttantputts
723 1314 755 1369 ct
770 1305 927 1370 diaconus
944 1313 1104 1391 praeterea
1121 1326 1201 1372 cum
1217 1305 1315 1372 Stotat

344 1412 448 1458 versa.
472 1392 506 1458 Si
529 1393 711 1458 Benedictio
735 1393 920 1459 conficiatur
950 1394 1019 1457 sine
1051 1395 1163 1460 sacris
1186 1393 1315 1461 Ministri

347 1482 527 1566 vangelium
544 1483 668 1547 canitur
691 1502 709 1547 a
732 1482 919 1548 Celebrante
941 1482 973 1546 in
997 1502 1102 1549 cornu
1126 1482 1281 1571 Epistola
1304 1481 1315 1567 (

348 1570 380 1636 C.
405 1570 447 1635 ‘tt
470 1571 548 1659 Apr.
575 1570 658 1636 1697
682 1573 714 1635 io
736 1570 897 1656 quubr‘no
906 1571 934 1657 ),
958 1590 1062 1657 neque
1086 1572 1176 1638 liber
1201 1572 1315 1638 thurea

346 1667 409 1724 tur.
428 1658 610 1735 demorans,
623 1661 655 1724 in
672 1659 831 1743 dignitate
847 1660 1150 1737 commasticans,
1169 1661 1247 1728 dum
1262 1661 1315 1726 dist

346 1746 525 1833 (candelas,
542 1749 670 1813 Cineres
687 1749 729 1834 et)
755 1748 873 1813 Remos
897 1756 982 1814 stare
1006 1748 1104 1814 dehet
1121 1759 1241 1838 aperto
1258 1750 1315 1837 capi

347 1834 384 1901 R.
412 1834 443 1900 0.
468 1837 506 1900 51
532 1836 626 1901 Mort.
651 1836 735 1903 1616
760 1837 792 1901 in
814 1836 993 1922 Picenae),
1017 1845 1051 1902 et
1075 1838 1315 1925 subsequenter

347 1943 416 1989 sam
449 1924 622 1990 celebrare.
644 1925 718 1989 Pide
745 1948 816 2012 quae
837 1925 1087 2013 prmrnonm'mus
1118 1928 1182 1993 sud
1215 1928 1303 1993 diet

348 2034 378 2077 o.
402 2012 428 2079 1.
453 2012 543 2079 Romi
571 2021 737 2098 gestantur
766 2015 913 2080 manibus
937 2013 1106 2080 dumtaxat
1129 2016 1167 2082 iu
1192 2017 1315 2083 Process

349 2109 381 2166 et
411 2100 487 2167 dum
517 2111 665 2168 cantatur
693 2104 805 2167 Passio
835 2112 867 2168 et
897 2102 1117 2187 Evangelium.
1145 2105 1247 2171 Bubr.
1272 2108 1301 2169 in

349 2189 544 2256 Palinurum.
570 2191 604 2256 Si
627 2200 753 2278 oportet
776 2192 826 2256 rel
849 2192 940 2257 decet
970 2192 1039 2256 [ieri
1062 2192 1315 2260 Benedictionert

350 2299 475 2346 marum
509 2279 618 2368 (idem
643 2280 777 2346 subaudi
802 2280 840 2345 de
870 2279 1097 2345 Benedictione
1121 2280 1315 2350 Candetarm

349 2367 515 2446 Ecclesia,
547 2370 602 2433 uhi
625 2371 803 2456 expositum
827 2377 876 2434 est
906 2367 962 2433 SS.
988 2368 1244 2439 Sacramentum
1266 2392 1315 2460 pro

350 2459 436 2524 tione
459 2460 512 2524 XL
536 2459 698 2533 horarum,
717 2460 771 2525 itta
796 2459 985 2545 perficienda
1010 2461 1107 2524 estin
1132 2458 1267 2527 Sacello
1281 2460 1315 2526 ad

349 2547 395 2632 pn
419 2548 503 2613 latus
525 2548 620 2633 quod,
639 2559 734 2634 protrt
756 2549 858 2631 magis
882 2546 944 2612 fert
967 2547 1044 2612 aedis
1067 2556 1252 2627 structura,
1269 2551 1315 2616 dist

350 2637 415 2701 Ara
439 2639 598 2712 maxima,
630 2638 661 2701 in
687 2658 748 2723 qna
773 2635 828 2701 SS.
854 2635 1099 2701 Sacramentum
1132 2647 1228 2722 patet
1251 2639 1315 2704 ador

349 2723 517 2801 Fidetium
534 2727 667 2789 serratis
691 2727 888 2791 caeremoniis
912 2725 1059 2790 omnibus
1083 2726 1116 2790 in
1141 2726 1269 2794 Missali
1284 2746 1315 2814 pr

350 2815 427 2897 ptis,
450 2814 507 2878 sed
529 2813 704 2878 omittenda
728 2823 778 2879 est
801 2814 976 2878 Processio.
993 2814 1025 2878 S.
1050 2813 1087 2879 tt.
1109 2815 1142 2880 6.
1171 2816 1215 2881 17
1239 2818 1315 2905 Sept

351 2901 441 2965 Beer.
465 2923 566 2986 qencr.
592 2901 627 2966 Id
650 2902 855 2968 nihilominus
879 2895 1123 2986 intelligendum
1148 2913 1225 2982 est,
1248 2907 1277 2971 si
1298 2924 1315 2990 n

352 2986 461 3054 Oratio
484 2990 536 3054 XL
562 2989 713 3056 horarum
743 2990 796 3056 diu
819 3000 979 3076 noctuque
1004 2990 1229 3076 producatur,
1262 3013 1315 3060 nou

352 3078 379 3142 si
396 3078 537 3162 quotidie
552 3078 784 3144 intermittatur
799 3079 1052 3165 sub'vesperam,
1068 3081 1103 3145 in
1125 3082 1234 3147 altero
1252 3083 1315 3148 enin

353 3167 572 3253 reponendum
595 3177 680 3233 esset
696 3168 752 3234 SS.
770 3168 1013 3234 Sacramentum
1037 3167 1140 3234 donec
1164 3171 1315 3237 Palmaru

355 3256 494 3322 nedictio
517 3266 550 3322 et
572 3257 739 3323 Processio
762 3255 858 3322 fuerit
881 3266 1022 3342 peracta.

418 3346 449 3412 6.
468 3346 626 3411 Passicin
643 3346 738 3411 dlissa
754 3348 889 3431 privata,
906 3347 1032 3410 etiamsi
1049 3345 1274 3423 Conventuali,
1288 3346 1315 3421 lo¹

353 3442 403 3498 est
426 3455 444 3500 a
468 3435 656 3501 Celebrante
679 3437 711 3499 in
735 3455 835 3500 cornu
855 3435 1027 3518 Evangelii.
1045 3435 1077 3500 S.
1096 3435 1132 3501 R.
1153 3435 1189 3502 G.
1207 3437 1313 3517 drino.

353 3523 383 3585 in
408 3546 469 3587 nrm
495 3524 726 3588 Dalmatiarum
749 3524 791 3587 cd
817 3525 830 3587 1
852 3534 881 3587 et
906 3523 947 3587 td
969 3523 1063 3588 diort.
1082 3522 1170 3589 1856
1196 3525 1230 3589 in
1249 3520 1315 3589 Tru.

354 3612 396 3674 nd
419 3614 448 3676 5.
473 3613 507 3676 In
533 3613 674 3678 Solemni
696 3632 772 3677 rere
795 3613 908 3677 Passio
933 3612 1052 3696 tegitur
1074 3611 1107 3676 iu
1132 3633 1236 3679 cornu
1258 3610 1315 3696 upn

354 3699 560 3784 Evangetium
590 3703 621 3766 in
653 3721 753 3766 cornu
783 3701 957 3785 Evangelii.
981 3701 1012 3765 S.
1036 3699 1073 3764 R.
1100 3700 1134 3766 0.
1158 3701 1203 3768 28
1233 3701 1307 3788 Sept.

321 3798 323 3802 '
352 3788 385 3850 in
408 3787 568 3855 Pisauren.
593 3791 635 3854 od
658 3790 687 3854 5.
705 3790 817 3856 Passio
841 3789 1010 3854 inchoatur
1033 3788 1200 3864 absolute;
1223 3808 1282 3855 non
1302 3783 1315 3848 d

354 3874 472 3941 dicendo
496 3898 766 3955 termenandum
790 3879 912 3965 petitur
935 3877 1126 3952 benedictio,
1151 3899 1217 3944 non
1240 3873 1315 3943 detor

355 3963 539 4042 luminaria,
563 3988 665 4053 neque
689 3966 910 4033 thnribulum:
935 3986 997 4031 non
1022 3968 1255 4051 pronunciatur
1273 3960 1315 4029 do

355 4053 531 4132 nobiseum,
562 4077 621 4122 uec
649 4056 863 4143 respondetur
890 4054 995 4121 Gloria
1019 4055 1075 4121 titi
1096 4054 1250 4131 Domine,
1277 4056 1303 4117 et
