3484 4875
547 501 721 545 ennarrans
737 500 898 546 rurenses
915 500 1066 547 rassroms
1255 482 1318 549 257

274 604 325 670 ria
341 604 434 671 Patri
454 606 487 672 in
509 606 539 691 ri.
557 605 656 682 brevi,
673 608 798 672 etiamsi
821 610 852 672 in
878 628 914 673 eo
932 607 1016 673 Festi
1041 608 1256 695 semidupliois
1281 611 1344 698 (se.

275 715 355 770 em,
388 696 416 761 si
440 693 598 782 duplicis)
633 697 801 761 recitatum
836 698 879 761 sit
901 696 1056 763 Officium.
1079 697 1148 763 Non
1183 706 1231 763 est
1264 719 1340 765 vero

272 785 570 869 praetermittendus
594 786 625 849 iu
648 784 678 870 ri.
697 784 902 871 completorii
926 785 1097 851 Dominioae
1120 787 1290 863 Passionis,
1314 789 1342 852 si

272 872 406 938 Festum
431 882 555 957 agatur,
571 880 744 958 utcumque
768 873 976 959 semidupler,
992 874 1083 940 Faria
1107 876 1244 941 secunda
1261 877 1342 941 inse-

273 963 395 1046 quenti.
414 962 553 1028 Rursum
577 983 638 1027 non
663 963 831 1038 omittitur,
855 966 883 1029 si
907 962 988 1028 inira
1009 963 1244 1030 Hebdomadam
1269 966 1343 1030 Pas·

273 1050 374 1115 sionis
392 1049 537 1116 Ollicium
561 1051 691 1136 aliquod
715 1054 878 1128 recitetur,
903 1051 1100 1139 semiduplex
1124 1054 1207 1129 licet,
1232 1074 1268 1118 ac
1292 1053 1342 1118 <lie

274 1141 421 1224 sequenti
445 1140 500 1205 liat
524 1140 562 1204 ae
586 1139 688 1214 Faria,
711 1142 761 1206 rel
785 1148 907 1205 eontra.
931 1141 1026 1205 Rrrlr.
1047 1141 1149 1230 pacari.
1173 1164 1202 1207 a.
1228 1143 1290 1207 197
1314 1151 1343 1207 et

281 1227 357 1293 Gaa.
381 1238 452 1293 saci.
477 1229 496 1293 a
522 1250 547 1293 c.
574 1229 614 1293 Η
638 1252 668 1293 a.
693 1229 723 1294 a.

344 1317 373 1381 5.
398 1317 434 1382 ln
457 1316 566 1383 Officio
584 1317 622 1381 de
640 1317 796 1403 Tempore
813 1337 914 1402 usque
939 1317 978 1383 ad
1002 1318 1127 1385 Feriam
1145 1319 1287 1404 quintam
1310 1318 1343 1385 in

275 1402 372 1470 Coena
390 1404 514 1472 Domini
537 1405 759 1472 Invitatorium
782 1415 832 1471 est
847 1406 949 1471 noete
971 1408 998 1472 si
1020 1417 1123 1473 aac'em
1145 1407 1268 1472 Doraiai
1290 1429 1344 1472 aa·

274 1492 394 1558 dieritis
411 1502 482 1571 eto,
500 1503 532 1559 et
554 1496 586 1560 in
609 1495 736 1561 Psalmo
760 1495 862 1559 Venite
887 1496 983 1561 verba
1007 1498 1061 1563 illa
1078 1496 1177 1561 Hodie
1199 1498 1226 1562 si
1240 1517 1345 1561 uocem

275 1583 345 1666 ejas
376 1584 536 1649 aridioritis
559 1592 619 1649 eto.
644 1587 856 1656 omittuntur,
889 1584 1049 1670 quiajam
1080 1587 1203 1671 prolata
1227 1594 1302 1650 sunt
1324 1604 1343 1650 a

275 1670 381 1736 Charo
406 1672 626 1738 Inritatorium
658 1674 818 1757 integrum
842 1682 1028 1757 repetente;
1061 1694 1159 1760 quare
1190 1674 1344 1739 Cantores

276 1779 335 1825 seu
358 1762 412 1825 alii
435 1771 672 1847 prosequuntur
695 1763 781 1827 Sicut
804 1762 836 1825 ia
858 1763 1093 1827 eeacarbatieae
1117 1771 1188 1837 eto,
1213 1784 1250 1828 ae
1274 1763 1345 1828 ulti·

276 1849 339 1913 mis
363 1851 468 1915 verbis
484 1851 520 1915 Si
542 1852 709 1915 introibant
731 1853 763 1915 ia
785 1853 925 1936 requiem
948 1872 1050 1916 aream
1075 1852 1242 1938 subjicitur
1264 1851 1345 1916 lnvi-

277 1940 431 2004 tatorium
454 1939 554 2004 Hodie
576 1942 605 2003 si
626 1948 825 2015 acoemeto,
849 1941 1021 2025 statimqne
1045 1962 1081 2006 er
1106 1950 1175 2006 toto
1198 1942 1347 2007 lnritato·

276 2026 362 2091 rium
385 2029 490 2113 ipsum
523 2030 658 2094 iteratur
682 2028 780 2093 llarlie
802 2028 829 2092 si
852 2050 954 2092 vocem
980 2030 1107 2095 Daraiai
1136 2038 1207 2106 eto,
1232 2049 1269 2095 ao
1302 2029 1346 2094 ita

276 2114 401 2181 Clrorus
430 2118 573 2202 praeterit
607 2137 669 2182 rina
704 2137 777 2181 cum
811 2117 839 2198 i.
867 2116 973 2181 Gloria
997 2117 1086 2183 Patri
1117 2119 1196 2184 illud
1227 2117 1343 2183 lavita-
1462 2187 1469 2206 ,

276 2205 352 2269 torii
388 2204 573 2281 dimidium,
612 2204 697 2290 quod
735 2214 824 2271 extra
859 2213 985 2291 tempus
1025 2206 1183 2272 Passionis
1219 2206 1347 2271 additur

277 2301 355 2379 post
374 2293 480 2359 Gloria
499 2294 589 2359 Patri
612 2304 673 2360 ato.
697 2294 728 2359 S.
750 2294 787 2359 lt.
806 2294 838 2359 G.
864 2294 904 2359 lil
928 2293 1103 2360 Decembris
1126 2294 1211 2361 roal
1233 2293 1348 2360 iaaac

278 2381 394 2450 Maeotis
419 2382 551 2468 lleqalis.

347 2472 377 2536 a.
402 2472 538 2560 Hymni,
562 2472 632 2555 ii,
655 2472 706 2557 riri.
730 2472 839 2536 brevia
864 2479 896 2534 et
917 2470 1027 2535 *laertio
1052 2471 1092 2536 ad
1116 2473 1348 2539 absolutionem

279 2559 428 2646 Capituli,
446 2582 516 2647 quae
540 2562 697 2626 habentur
720 2561 750 2624 in
775 2559 884 2625 Officio
908 2559 1081 2625 Dominicis
1104 2561 1275 2636 Passionis,
1300 2561 1345 2626 di-

278 2658 397 2715 cuntur
421 2671 545 2735 quoque
569 2652 601 2715 in
625 2650 788 2714 Dominiea
813 2647 1018 2725 Palmarum,
1040 2659 1072 2714 et
1094 2651 1126 2714 in
1149 2649 1251 2716 feriali
1277 2648 1348 2716 ata-

279 2739 328 2802 cio
353 2758 453 2824 usque
477 2740 518 2805 ad
541 2738 665 2804 Feriam
695 2738 838 2823 quintam
861 2738 893 2801 in
918 2736 1013 2803 Caena
1036 2738 1171 2804 llomini.
1198 2739 1292 2804 liubr.
1316 2741 1349 2802 ia

279 2825 372 2891 Dana.
396 2828 557 2893 Passionis.
582 2829 727 2914 Capitaia
751 2847 820 2913 quaa
844 2826 961 2891 adsunt
983 2828 1015 2892 in
1039 2827 1148 2893 Oliioio
1172 2827 1273 2893 Faria
1298 2847 1347 2893 se·

280 2916 393 2981 eundae
423 2926 496 3004 post
530 2917 728 2982 llominieam
757 2917 920 2981 Passionis
953 2915 1145 2982 adhibentur
1178 2919 1211 2983 in
1246 2915 1351 2983 feriali

281 3003 392 3070 Officio
428 3027 527 3092 usquc
556 3006 597 3071 ad
626 3006 752 3070 Feriam
782 3013 930 3091 quartam
961 3005 1092 3091 majoris
1123 3004 1348 3075 Hebdomada.

281 3093 472 3181 Antiphone
487 3115 562 3159 vero
579 3114 636 3180 per
652 3094 754 3159 lloras
778 3095 954 3159 inserviunt
977 3115 1078 3179 usque
1096 3094 1135 3160 ad
1153 3095 1351 3161 Dominioam

279 3181 476 3249 Palmarum.
494 3183 589 3249 liobe.
607 3183 638 3247 ia
661 3183 756 3248 Faria
779 3184 799 3247 2
823 3193 894 3272 pest
909 3183 1000 3247 Dora.
1019 3184 1183 3249 Passionis.
1200 3185 1225 3248 Α
1243 3183 1349 3249 Domi·

281 3272 353 3336 nica
377 3272 539 3338 Passionis
560 3293 662 3357 usquc
685 3272 724 3337 ad
748 3271 874 3337 Feriam
898 3280 1045 3355 quartam
1068 3273 1199 3359 majoris
1223 3270 1348 3338 Hebdo-

281 3360 406 3437 marlae,
430 3362 459 3444 i.
483 3370 557 3448 post
586 3361 766 3427 Nocturnas
789 3362 821 3426 in
848 3358 958 3425 Officio
982 3361 1048 3425 sive
1071 3360 1260 3425 Dominicali
1283 3361 1350 3424 sire

282 3446 400 3514 Feriali
438 3453 575 3516 sumitur
610 3450 648 3516 dc
684 3460 828 3534 tempore
862 3449 1034 3513 Passionis.
1073 3448 1111 3513 llt
1147 3449 1286 3533 primum
1319 3448 1349 3534 q.

282 3536 455 3603 Dominieae
491 3539 651 3605 Passionis
690 3560 753 3603 non
791 3539 949 3623 repetitur
983 3536 1065 3602 inira
1100 3537 1349 3602 llelidomatlam.

283 3624 379 3691 Rubr.
404 3628 456 3692 iti.

349 3715 379 3779 7.
404 3715 439 3780 ln
456 3717 629 3783 llominiois
645 3714 810 3780 Passionis
825 3721 857 3778 et
874 3714 1059 3778 Palmarum
1076 3714 1115 3780 ad
1133 3714 1356 3802 aspersionem¹

282 3801 381 3888 Aquae
413 3804 588 3872 benedictae
619 3812 693 3869 ante
727 3803 879 3878 Missam,
912 3810 985 3888 post
1009 3803 1172 3869 Psalmum
1202 3800 1352 3869 Miserere
1470 3879 1471 3882 Ἴ

282 3894 541 3975 praetermittitur
562 3895 591 3978 i.
612 3893 717 3958 Gloria
741 3891 840 3968 Patri,
857 3891 913 3957 sed
939 3890 1106 3958 confestim
1129 3893 1266 3959 iteratur
1288 3893 1350 3958 An·

285 3979 424 4066 tiphona.
450 3981 544 4048 Rtrbr.
569 3983 601 4048 ia
624 3982 684 4066 fiere
706 3979 846 4046 Missalis.
872 3981 898 4046 Α
921 3979 1086 4048 Dominiea
1110 3981 1272 4048 Passionis
1303 3982 1350 4047 ia·

283 4069 402 4137 elusive
425 4089 526 4158 usque
553 4072 593 4138 ad
617 4070 791 4137 Sabbatum
815 4077 962 4136 sanetum
985 4072 1165 4147 exclusivo,
1197 4071 1230 4136 in
1254 4069 1351 4147 llissa
