3484 4875
364 474 407 541 91
609 492 702 538 ennon
718 492 771 538 vor.
789 492 827 537 oe
844 489 970 539 ereneus
987 490 1150 538 numurus
1286 515 1303 554 0

342 619 404 685 quo
428 618 487 664 eeu
509 597 655 685 impediti
678 598 867 673 habeantur,
891 598 922 662 in
947 616 1027 682 quos
1051 597 1201 684 ltuplieia
1225 598 1379 663 minorave!

343 694 519 754 occurrunt
548 688 598 752 vel
630 686 748 751 debent
777 687 912 772 reponi;
944 686 1085 770 itemque
1118 686 1208 772 quod
1239 688 1341 751 attinet
1356 685 1381 752 ad

342 777 483 863 primum
507 795 545 840 ex
568 774 657 860 ipsis,
681 774 774 839 Feria
797 794 924 859 qnoque
948 775 1175 859 privilegiata,
1213 795 1276 840 non
1307 783 1382 839 mmet

344 864 430 950 quod
447 864 487 929 ad
504 871 655 946 quartum
673 863 797 938 attinet,
815 862 979 929 {lominica
996 862 1183 946 anticipata.
1204 863 1298 927 Roobr.
1311 860 1383 951 pecul.
1427 868 1436 872 “

342 975 372 1018 n.
397 953 473 1026 att,
497 952 573 1027 mu,
597 951 674 1024 ato,
697 951 773 1027 ato,
796 949 873 1025 110,
896 950 957 1014 idi
985 959 1015 1013 et
1037 950 1113 1014 111.

259 1102 261 1108 .
410 1042 440 1105 7.
465 1039 615 1125 Vespere
638 1037 868 1103 destructorum
894 1038 1122 1123 persolvuntur
1147 1038 1254 1124 pridie
1268 1045 1336 1124 post
1349 1036 1384 1102 Bt·
1433 1047 1436 1049 ’

341 1128 522 1193 aedicantes
545 1127 677 1191 donatiuo
701 1126 916 1212 Vesperarum
941 1125 1020 1201 diei,
1045 1127 1142 1191 etiam
1167 1126 1339 1191 Dominice
1355 1124 1387 1189 td
1432 1170 1436 1173 -

343 1215 428 1281 Festi
454 1215 706 1301 cujuscumque,
731 1215 859 1279 tametsi
872 1213 995 1366 [primae
1019 1214 1157 1289 dessio,
1190 1215 1346 1300 simulque
1364 1211 1389 1276 dt

343 1313 507 1389 praecepto
532 1303 638 1389 quoad
661 1300 846 1367 Forum.'S.
901 1353 907 1365 .
936 1301 981 1366 0.·
992 1301 1034 1365 15
1059 1302 1137 1386 Muj.
1165 1300 1391 1387 11105111Εῴ1·

342 1394 423 1457 roien.
448 1392 489 1456 ecl
512 1392 533 1455 1
557 1401 585 1455 et
609 1391 705 1455 noer.
730 1390 828 1454 nostri
849 1388 1053 1453 Franciscuoi
1076 1390 1240 1454 Breviorie'
1266 1400 1333 1454 ento
1353 1387 1391 1474 011.
1431 1409 1436 1426 ²

342 1479 579 1565 Deferretornm.
604 1479 793 1543 Matutinum
822 1486 930 1543 autem
953 1478 1064 1562 incipit
1088 1488 1164 1562 post
1195 1478 1393 1543 Benedicomu
1433 1487 1436 1527 ἓ

343 1566 476 1631 Domino
499 1566 643 1632 Loudum
669 1566 741 1641 diei,
767 1566 827 1629 nisi
845 1564 932 1630 aliud
953 1563 1037 1631 ierat
1052 1565 1276 1633 Ecclesiarum
1293 1580 1394 1632 consuo
1435 1609 1436 1614 η

345 1655 432 1719 tudo.
457 1655 554 1719 Rubr.
579 1665 650 1718 oute
669 1655 727 1741 Off.
745 1653 813 1738 def.

376 1834 441 1898 lle
461 1832 590 1898 modo
611 1832 825 1897 recitandi
844 1832 1045 1898 Officium
1067 1833 1374 1913 Befumetorum

413 2000 444 2064 8.
468 1998 690 2064 invitatorium
714 1998 828 2084 Repeto
852 1996 903 2061 eui
927 1998 1031 2062 coronule
1063 1999 1170 2063 eluunt
1205 2006 1269 2064 ete.
1306 1998 1397 2084 dicitur

348 2087 513 2153 dumtaxat
536 2087 587 2152 die
611 2085 933 2151 Commemorationis
957 2086 1101 2150 omnium
1124 2085 1288 2152 Fidelium
1304 2084 1397 2150 uerno·

347 2185 484 2252 etenum,
507 2195 566 2240 neo
590 2196 654 2240 uon
678 2174 728 2238 die
752 2174 858 2239 obitus
882 2192 938 2239 seu
964 2173 1174 2259 depositionis
1198 2174 1361 2250 Betooun,
1378 2177 1399 2235 et

348 2265 473 2349 quoties
497 2265 659 2348 integrum
682 2264 837 2327 recitatur
861 2269 917 2327 aut
941 2263 1067 2327 canitur
1091 2260 1253 2329 Officium.
1271 2260 1361 2327 Rulr.
1379 2258 1400 2322 in

350 2353 408 2441 Off.
434 2353 501 2439 Def.
527 2363 557 2416 et
578 2352 610 2416 S.
635 2350 672 2414 R.
700 2349 731 2414 C.
757 2350 776 2415 9
800 2349 878 2433 Maj.
904 2350 1046 2416 1759111
1068 2372 1131 2414 noto
1160 2351 1236 2415 Orel.
1259 2347 1400 2415 Cornelio

347 2440 477 2506 lunisiana
500 2440 612 2506 Montis
640 2437 770 2503 Coronae
785 2439 827 2502 cel
843 2439 874 2503 1.
892 2436 1026 2524 Semper
1050 2439 1212 2505 omittitur
1238 2439 1361 2524 quando
1379 2454 1401 2499 o·

345 2549 422 2595 num
447 2526 670 2594 tantummodo
707 2527 901 2611 persolvitur
936 2536 992 2591 aut
1026 2535 1176 2592 cantatur
1199 2527 1401 2596 Nocturnum,

346 2618 491 2700 qunamitis
515 2636 588 2681 eum
611 2614 773 2679 Laordihus
797 2614 920 2701 (Roobr.
945 2625 974 2679 et
995 2615 1027 2680 S.
1051 2615 1088 2679 R.
1117 2615 1148 2680 C.
1175 2616 1213 2679 51
1236 2615 1316 2701 maj.
1334 2611 1400 2680 1811

346 2705 379 2766 in
401 2725 465 2767 nnc
489 2703 617 2767 Decolor.
642 2703 684 2765 oo
709 2703 749 2766 15
774 2713 803 2767 et
827 2703 845 2768 7
868 2702 953 2789 Sept.
981 2704 1066 2768 {850
1090 2703 1121 2765 ln
1143 2702 1297 2768 Veronen.
1315 2699 1401 2786 edil:
1433 2778 1436 2791 Ι

346 2798 479 2873 excepta
502 2790 553 2853 die
577 2790 785 2875 depositionis
809 2798 968 2875 praesente
993 2790 1152 2856 Gadarene
1177 2789 1236 2877 (ece
1253 2791 1316 2856 Rit.
1332 2790 1401 2856 Non.
1433 2806 1436 2857 t

346 2876 385 2940 clc
406 2877 505 2961 Exeq.
517 2875 540 2963 ),
564 2885 596 2941 ct
620 2876 705 2962 apud
728 2899 787 2942 nos
805 2877 863 2964 (ere
877 2879 1037 2964 peculiari
1052 2878 1210 2944 Breoiere'i
1225 2881 1327 2945 nostrl
1337 2879 1402 2966 pru·
1434 2889 1436 2963 J

346 2963 488 3052 scripto)
514 2984 714 3050 quacumque
739 2965 790 3030 die
812 2965 1013 3031 Nocturnum
1037 2967 1290 3052 persolvendum
1307 2961 1402 3032 siteui
1434 2974 1436 2981 ’

345 3053 411 3116 ritu
435 3051 555 3137 duplici
575 3054 666 3139 juxta
689 3051 773 3118 inira
797 3049 954 3128 dicenda‘3
991 3056 1022 3118 in
1058 3054 1119 3119 hoe
1150 3063 1262 3120 autem
1287 3062 1403 3138 utroquo

347 3159 424 3205 casu
448 3160 575 3226 semper
598 3142 659 3206 erit
681 3141 883 3206 recitandum
908 3143 1047 3226 primum
1064 3141 1268 3208 Nocturnum
1283 3166 1290 3218 ;
1308 3137 1402 3208 ceteris

347 3229 377 3294 iu
402 3230 529 3294 casibus
553 3230 753 3296 Nocturnum
776 3229 878 3294 Feriae
902 3231 1112 3315 occurrentis.
1133 3228 1229 3295 Reodr.
1257 3241 1292 3296 nt
1314 3246 1402 3318 supro.

413 3319 443 3384 9.
468 3318 503 3383 ln
528 3317 588 3383 hoc
612 3316 735 3393 Officio,
759 3318 819 3382 etsi
844 3318 974 3382 unicum
990 3316 1115 3382 dicatur
1131 3315 1345 3393 Nocturnum,
1360 3315 1401 3381 do·

346 3407 508 3490 plicantur
523 3406 724 3492 Antiphone,
742 3406 827 3469 ultra
841 3404 925 3470 diem
940 3405 1263 3470 Commemorationis
1277 3406 1401 3471 emnium

346 3493 504 3560 Fidetium
526 3495 768 3567 Defunctorum,
794 3491 942 3577 diemque
974 3493 1080 3558 obitus
1103 3493 1153 3557 vel
1190 3496 1284 3578 quasi
1316 3493 1401 3558 obitus

346 3579 479 3665 (nempe
503 3591 673 3668 postquam
697 3581 821 3665 perlata
845 3589 895 3645 est
918 3581 1025 3646 obitus
1042 3579 1186 3664 notitia),
1204 3583 1304 3647 etiam
1321 3583 1350 3646 in
1365 3577 1400 3642 dio

346 3666 512 3752 1113V11,
535 3670 623 3734 XXX
646 3677 678 3734 et
702 3669 938 3744 anniversaria,
964 3689 1000 3734 ac
1025 3689 1097 3734 cum
1122 3669 1312 3736 solemniter
1334 3667 1399 3733 ocle-

347 3755 460 3819 hratur
482 3754 640 3829 Officium,
665 3775 802 3839 cumque
825 3757 910 3841 apud
936 3777 994 3822 nos
1018 3757 1097 3822 illud
1123 3758 1231 3840 agitur
1255 3756 1339 3842 quod
1359 3770 1399 3836 ge·

347 3842 585 3908 pecatissimum
609 3852 823 3928 nuncupatur.
848 3843 910 3909 ute.
934 3845 1024 3909 Reno.
1050 3854 1120 3909 crete
1147 3845 1206 3931 Off.
1226 3845 1306 3930 Des„
1323 3840 1399 3909 Rarlr.

346 3928 448 4016 peccel.
472 3952 501 3993 n.
526 3930 568 3995 29
593 3941 622 3995 et
639 3932 680 3995 50
698 3941 727 3995 et
743 3932 882 4015 untiqute
909 3955 938 3995 n.
958 3932 1010 4006 52,
1027 3933 1059 3996 S.
1077 3931 1113 3996 R.
1134 3931 1165 3996 0.
1184 3934 1203 3997 8
1222 3933 1316 3998 Mart.
1333 3921 1399 3995 trtt

349 4020 379 4080 lu
405 4015 582 4104 prboncn.
611 4018 751 4084 Oeliden.
776 4020 818 4083 ml
842 4017 861 4084 5
887 4030 916 4083 et
942 4018 1070 4105 Gerjeleo
1096 4019 1146 4084 tit.
1172 4020 1236 4086 sse.
1254 4021 1296 4086 25
1318 4040 1343 4105 q.
1359 4009 1398 4078 Ne
