3484 4875
589 521 813 570 aauornrrorms
830 520 860 569 ru
876 521 968 570 resen
983 523 1117 571 urrunnu
1305 500 1368 570 aaa

349 630 399 719 rtrl.
424 628 561 717 propria
584 621 791 707 Lectionum,
816 639 848 695 et
872 630 1100 697 nonnullorum
1125 629 1175 696 Ss.
1199 627 1387 706 Doctorum,

346 721 379 785 in
404 738 547 804 quorum
571 716 682 787 Officio
706 717 769 805 (ut
792 718 858 783 suis
882 719 962 785 loeis
994 718 1231 806 annotabitur)
1255 738 1319 783 non
1344 719 1390 783 le·

345 815 470 893 guntur
492 805 662 871 laectiones
686 805 725 870 de
749 804 917 892 Scriptura
941 816 1142 884 occurrente,
1162 806 1219 873 sed
1243 805 1282 871 de
1300 804 1391 871 Gom·

345 897 448 963 muni.
473 895 506 960 S.
532 893 568 958 ll.
596 894 629 959 G.
656 893 696 959 19
721 894 805 982 Sept.
831 895 913 961 1801
942 895 974 959 ia
995 894 1158 961 Valentino
1184 896 1226 959 ael
1251 895 1269 959 5
1295 904 1325 958 at
1347 894 1389 959 17

344 988 428 1071 Aup.
447 982 535 1048 luae
552 982 583 1046 r'rr
600 981 781 1048 Minariccn.
799 982 841 1047 acl
857 984 910 1048 10.
927 982 1056 1050 Consule
1073 984 1168 1049 etiam
1185 985 1268 1069 iufra
1284 993 1392 1048 nataa-

344 1071 389 1137 tla
436 1080 484 1137 ost
505 1070 622 1159 opopa.
646 1093 677 1135 a.
705 1070 747 1136 10
771 1081 801 1135 ει
823 1092 906 1158 seqq.

392 1092 449 1225 lfi.
474 1150 509 1223 Si
533 1158 679 1224 Officium
703 1158 736 1223 S.
762 1159 852 1224 Pauli
877 1157 965 1225 Geni.
993 1158 1209 1225 transferatur
1233 1160 1265 1223 in
1290 1157 1386 1234 diem,

344 1266 418 1335 quae
443 1254 554 1313 careat
577 1267 660 1313 nona
678 1246 828 1312 Lectione
846 1247 885 1313 de
900 1247 1057 1334 Simplici,
1078 1256 1153 1313 tunc
1177 1267 1262 1313 noua
1279 1246 1389 1314 Lectio

345 1337 403 1490 psi
427 1335 473 1401 ibi
498 1334 608 1420 desit)
638 1337 795 1401 recitatur
824 1355 863 1402 ex
895 1336 990 1402 Festo
1026 1335 1058 1401 S.
1084 1335 1210 1401 Mathiaa
1241 1335 1390 1420 Apostoli

369 1422 576 1489 recurrerit
602 1423 691 1499 occo
714 1433 757 1488 est
778 1423 950 1509 sastipr'um.
976 1423 1060 1489 ltem
1085 1425 1112 1489 si
1137 1425 1244 1509 aliqua
1261 1422 1301 1508 de
1318 1443 1391 1489 cau·

346 1525 385 1579 sa
409 1511 569 1578 celebrari
600 1512 766 1596 contingat
789 1512 919 1578 Missam
950 1511 982 1578 S.
1009 1512 1112 1578 Mauri
1138 1512 1294 1587 abbatis,
1319 1512 1390 1597 ipsa

347 1608 497 1667 sumetur
520 1619 560 1665 ex
583 1598 751 1666 Communi
773 1599 947 1678 Abbatum,
973 1620 1046 1667 cum
1066 1599 1276 1666 Orationibus
1299 1607 1336 1665 ut
1358 1601 1393 1665 in

349 1687 476 1754 Missali
502 1688 562 1753 hae
587 1687 648 1753 uie.

355 1785 361 1799 '
391 1776 445 1841 IV.
468 1774 506 1841 ln
529 1776 624 1850 Missa
649 1775 735 1841 resti
755 1774 787 1841 S.
805 1776 896 1843 Pauli
921 1777 1042 1842 dicitur
1065 1776 1173 1841 Gloria
1197 1776 1229 1841 lo
1253 1777 1391 1853 eccelsia,

346 1864 400 1931 cui
424 1883 554 1949 semper
578 1864 668 1930 locus
693 1865 797 1931 estin
822 1863 927 1932 Missis
944 1864 1122 1931 Fastorum
1147 1864 1392 1940 sellariorum,

351 1971 427 2019 aum
451 1953 484 2038 in
508 1951 617 2017 Officio
642 1952 747 2018 dictus
770 1960 820 2019 est
848 1952 992 2041 Hymnus
1023 1952 1062 2018 l'e
1087 1952 1199 2018 Deum.
1223 1954 1389 2039 Excipitur

351 2040 561 2107 nihilominus
585 2041 679 2106 Missa
705 2040 848 2106 reriaev
871 2042 905 2107 in
929 2042 1025 2107 Goena
1050 2041 1177 2106 Domini
1203 2049 1235 2105 et
1258 2040 1391 2107 Sabbati

350 2130 474 2206 sancti,
497 2123 531 2194 in
555 2137 618 2214 qua
645 2129 751 2194 Gloria
775 2132 808 2193 io
831 2130 959 2195 excelsis
988 2130 1160 2205 recitatur,
1187 2131 1332 2214 quamvis
1357 2130 1390 2194 in

352 2216 463 2284 Officia
487 2218 645 2284 omissum
668 2216 765 2283 luerit
792 2217 833 2283 Tc
856 2218 958 2283 Dera-m
982 2227 1042 2283 etc.
1070 2216 1164 2282 Rarlr.
1190 2218 1235 2281 tit.
1260 2216 1279 2282 8
1304 2239 1334 2281 u.
1357 2217 1387 2282 5.

350 2305 493 2372 Rursum
523 2306 682 2392 excipitur
704 2305 800 2371 Missa
825 2305 926 2372 lleriae
957 2307 1061 2373 tertiae
1086 2304 1324 2389 Rogatianum,
1356 2306 1390 2370 in

354 2413 417 2481 qua
441 2414 458 2460 e
482 2413 638 2461 conuerso
662 2414 726 2461 nou
750 2393 870 2461 dicitur
897 2395 1005 2461 Gloria
1029 2394 1060 2459 io
1084 2393 1228 2470 εεεειείε,
1262 2395 1393 2460 tametsi

354 2483 386 2550 ia
409 2481 520 2549 Officio
552 2483 638 2549 adsit
664 2483 704 2549 To
727 2482 838 2548 Decem.
862 2483 1006 2549 Tandem
1038 2483 1198 2549 omittitur
1226 2482 1333 2547 Gloria
1358 2483 1391 2548 in

355 2561 450 2637 Missa
466 2570 591 2656 vigiliae
615 2573 666 2637 vel
691 2571 793 2637 Mariae
816 2570 961 2650 Quattuor
978 2571 1256 2657 'lemporumaut
1280 2588 1392 2640 seeun-

356 2658 402 2726 aa
425 2659 642 2744 Rogatianum
665 2657 728 2746 (vel
744 2658 1016 2746 Quadragesimae,
1042 2659 1127 2746 apud
1150 2657 1391 2745 Priuilegiatos)

356 2747 525 2814 incidentis
547 2747 631 2814 inira
655 2749 797 2834 aliquam
814 2747 979 2827 Octavam,
1004 2749 1132 2815 etiamsi
1155 2749 1188 2813 in
1205 2745 1316 2814 Ollieio
1340 2767 1391 2813 re·

357 2838 472 2902 citetur
492 2835 661 2913 Tereum,
686 2837 804 2923 quippe
828 2857 901 2904 cum
926 2839 959 2902 in
984 2837 1045 2903 hoc
1068 2857 1144 2904 casu
1162 2834 1308 2903 Officium
1325 2856 1391 2901 non

329 2932 472 3077 pesp
496 2922 1020 3099 aleittrnttuartt
1036 2924 1390 3100 aetatulam·

359 3120 427 3166 sum
451 3107 502 3166 est
525 3102 690 3167 utentibus
713 3110 824 3168 nostro
848 3100 1063 3168 Franciscano
1089 3102 1249 3167 Breriario
1284 3103 1317 3166 in
1342 3096 1394 3167 Ol·

359 3189 427 3254 licio
451 3189 594 3274 plurium
618 3189 796 3279 Martyrum
819 3189 992 3266 Fratrum,
1026 3191 1101 3255 licet
1125 3189 1158 3254 hi
1182 3210 1246 3254 non
1270 3187 1395 3254 luerint

359 3275 490 3343 llratres'
513 3277 691 3345 secundum
715 3298 857 3354 earnem,
881 3279 938 3344 sed
966 3285 1088 3343 tantum
1114 3279 1145 3343 in
1171 3284 1292 3342 nostrae
1313 3275 1396 3341 Reli-

359 3366 462 3448 gianis
485 3364 648 3443 lnstituto,
672 3386 710 3431 ex
733 3367 890 3453 peculiari
913 3367 1053 3432 Rubrica
1079 3365 1193 3430 altili
1218 3384 1236 3430 a
1261 3363 1292 3429 S.
1312 3362 1395 3429 Sele

360 3453 549 3540 approbata.
581 3455 613 3520 S.
637 3454 673 3519 a.
702 3454 736 3519 G;
758 3455 801 3521 2⁹2
825 3456 906 3541 Aup.
933 3454 1018 3521 rata
1053 3453 1088 3517 io
1111 3452 1271 3542 Hispalae.
1296 3451 1339 3515 ael
1363 3452 1393 3516 l.

359 3543 405 3607 ab
429 3540 503 3608 aliis
527 3561 602 3608 uero
627 3543 681 3628 qui
705 3543 803 3609 simili
826 3543 993 3628 privilegio
1031 3548 1163 3607 careant
1195 3539 1260 3605 dici
1283 3540 1396 3624 nequit

359 3628 532 3716 praelatum
554 3628 597 3716 rt,
620 3632 683 3696 nisi
705 3631 737 3696 in
755 3629 865 3697 Officio
889 3632 1103 3715 plurimarum
1127 3629 1303 3715 Martyrum
1322 3626 1396 3692 Fra-

358 3726 447 3784 trum
472 3718 650 3785 secundum
674 3738 815 3786 earnem.
839 3719 870 3784 S.
888 3719 925 3786 a.
945 3719 976 3785 G.
997 3719 1037 3784 to
1054 3715 1149 3784 Mart.
1170 3716 1259 3783 rtur
1274 3715 1307 3779 ic
1330 3737 1394 3780 aros

360 3805 436 3872 Grol.
457 3805 605 3874 Glaricor.
621 3807 698 3873 Min.
716 3807 758 3872 al
775 3811 804 3874 5.
828 3806 1040 3874 limitandum
1060 3814 1167 3873 tamen
1185 3813 1245 3883 est,
1269 3805 1396 3870 etiamsi

357 3892 414 3961 fiat
436 3896 536 3962 simul
559 3896 599 3961 de
622 3897 694 3962 aliis
724 3916 788 3962 non
811 3895 988 3972 iratribus,
1025 3892 1198 3960 dummodo
1229 3900 1391 3980 martyres

358 3982 481 4051 fratres
506 4003 645 4067 numero,
664 3985 820 4052 excedant
843 4005 906 4051 non
931 3984 1059 4051 iratres.
1090 3984 1227 4070 Gupetus
1252 3981 1302 4047 lib.
1326 3981 1344 4044 5
1369 4001 1394 4046 c.

357 4074 397 4141 11
425 4096 456 4160 q.
482 4073 512 4140 5.
537 4073 572 4141 Si
594 4092 670 4141 uero
695 4080 762 4142 tam
791 4070 951 4163 martyres
974 4071 1094 4157 iratres
1125 4088 1223 4158 quam
1246 4090 1311 4136 non
1334 4065 1397 4134 fra·
