3484 4875
599 496 775 545 innormen
792 498 823 545 nr
838 498 955 547 rrurus
973 499 1127 547 resonum
1316 478 1380 545 27?

386 599 439 666 td.
464 601 626 689 Tempore
648 605 799 671 Paschati
824 625 926 692 usque
954 606 993 672 ed
1019 606 1197 682 Sabbatum
1227 604 1260 669 in
1284 603 1401 689 vigilia

328 679 530 757 Pentecostes
554 692 594 757 ad
617 692 741 759 Nonam
765 696 942 770 inclusive,
977 696 1010 760 in
1046 691 1156 760 Officio
1180 693 1337 758 audiisse
1361 693 1401 757 de

328 770 478 862 Fempore
500 778 672 846 adhibetur
695 784 785 867 color
808 782 922 858 albus,
955 790 1170 868 praeterquam
1195 782 1226 845 iu
1249 779 1345 845 Missa
1370 788 1403 845 et

328 859 529 931 Processione
554 887 612 953 pro
635 868 769 936 Litauiis
794 870 970 956 majoribus
994 880 1026 935 et
1049 868 1251 944 minoribus,
1281 869 1398 953 quibus

328 966 440 1105 {cap}
457 957 609 1039 congruit
638 958 731 1023 color
761 958 935 1024 violaceus.
960 958 1056 1023 thbr.
1089 956 1206 1021 Missot.
1231 955 1277 1021 tit.
1303 956 1344 1022 id
1368 978 1399 1025 u.

734 1380 983 1450 ANNOTANDA

616 1557 654 1603 tu
688 1553 826 1603 FFRidS
859 1558 1112 1604 coertionem

345 1787 349 1794 .
387 1735 416 1801 t.
440 1734 535 1802 Feria
557 1737 701 1803 secunda
724 1738 939 1823 Rogationum
964 1745 1012 1802 est
1036 1736 1128 1803 Feria
1153 1736 1256 1823 major
1277 1734 1327 1889 [t
1350 1735 1397 1802 De

329 1821 521 1891 &Officium
539 1826 745 1910 persolvitur,
762 1828 824 1891 nisi
839 1826 971 1891 Festum
996 1826 1117 1891 incidat
1140 1844 1254 1890 novem
1304 1826 1400 1890 ectio·

328 1914 517 1979 nemetiam
542 1913 758 1989 translatum,
792 1934 855 2000 quo
888 1933 965 1979 casu
990 1913 1029 1979 de
1052 1914 1108 1978 illa
1132 1912 1398 1979 commemoratio

328 1998 425 2078 antur
447 2001 481 2065 iu
504 1999 667 2066 Laudibus
690 2001 776 2088 (per
800 2002 1018 2087 Antiphonem
1043 2009 1076 2066 et
1098 1999 1286 2066 Orationem
1321 2021 1396 2086 pro·

345 2086 433 2163 riam,
457 2108 495 2155 ec
519 2088 546 2171 i.
572 2088 609 2151 in
631 2087 879 2175 resurrectione)
905 2097 936 2153 et
961 2088 1208 2164 inmissurum
1227 2089 1397 2175 nonaejus

380 2177 469 2241 tione
492 2176 533 2241 ad
556 2176 771 2253 Matutinum,
803 2186 836 2242 et
867 2178 980 2242 ultimo
1013 2175 1185 2260 Evangelio
1210 2176 1269 2240 sub
1293 2175 1401 2240 Missae

328 2247 434 2338 inem,
467 2265 613 2347 quamvis
646 2264 778 2330 Festum
809 2285 985 2331 occurrens
1016 2263 1102 2329 foret
1133 2262 1252 2348 duplex
1283 2262 1399 2347 primae

329 2339 442 2416 tarsis.
469 2351 564 2416 Burbu.
590 2352 635 2416 tit.
660 2352 679 2417 9
711 2376 742 2416 o.
767 2353 799 2417 4.
823 2353 964 2418 Rursum
997 2352 1029 2417 in
1062 2352 1118 2416 illa
1150 2350 1313 2435 agendum
1345 2359 1400 2416 est

328 2424 351 2499 b
377 2437 433 2506 die
456 2437 540 2505 infra
564 2437 729 2518 Octavam,
745 2443 772 2505 si
797 2442 916 2508 aticubi
941 2440 1133 2514 celebretur,
1159 2459 1233 2504 cum
1258 2457 1400 2504 comme·

328 2527 496 2594 toratione
519 2536 551 2592 et
574 2547 658 2592 nona
681 2528 831 2594 Lectione
854 2528 973 2602 Ferte,
1007 2536 1042 2592 ut
1072 2547 1192 2612 supca3
1227 2525 1284 2591 sed
1316 2534 1398 2592 tunc

328 2602 421 2682 [issae
444 2634 557 2680 omnes
574 2617 725 2698 leguntur
742 2616 780 2682 de
797 2616 900 2682 Feria.
919 2615 1073 2689 ,Videatur
1089 2614 1249 2680 adnotatio
1266 2614 1298 2677 ic
1314 2612 1399 2678 diem

328 2692 353 2762 3
378 2701 480 2768 Febr.
503 2725 534 2767 n.
564 2703 631 2768 VII.
656 2703 773 2788 Nequit
796 2725 894 2789 porro
919 2705 951 2768 in
975 2705 1030 2769 illa
1053 2702 1165 2788 peragi
1186 2700 1333 2768 Officium
1348 2721 1399 2766 se·

328 2791 377 2856 tel
403 2791 438 2855 in
464 2789 670 2856 Hebdomada
696 2812 887 2858 concessum
911 2800 972 2857 etc.
997 2791 1108 2856 Recole
1139 2812 1210 2877 quur
1241 2789 1403 2854 cdrkcimus

329 2921 330 2930 κ
362 2879 382 2944 5
409 2900 442 2943 n.
467 2877 498 2942 d.
523 2878 683 2944 Praeterea
706 2879 792 2945 Festi
818 2879 974 2966 simplicis
1004 2880 1037 2944 in
1067 2879 1129 2945 hac
1160 2877 1254 2944 Feria
1285 2897 1400 2943 occur-

328 2967 420 3032 emis
443 2965 480 3030 iit
504 2975 629 3031 tantum
664 2969 950 3042 commemoratio,
986 2967 1107 3052 absque
1142 2965 1212 3052 ejus
1234 2965 1399 3031 Lectione.

328 3046 415 3121 taor.
442 3053 488 3117 tit.
512 3053 532 3119 9
556 3054 625 3119 nd
648 3063 679 3119 et
703 3056 754 3121 tt).
772 3054 807 3121 Si
829 3055 963 3142 hujusce
980 3054 1081 3121 Feriae
1110 3053 1339 3120 celebrandum
1356 3053 1404 3118 sit

329 3136 476 3216 'ilicium
499 3140 610 3208 confer
633 3162 705 3227 qum
728 3143 1014 3209 animadvertimus
1031 3141 1070 3208 de
1088 3149 1233 3227 tempore
1249 3140 1401 3207 Paschati

328 3270 339 3291 .
366 3229 403 3305 8,
428 3229 450 3295 9
475 3237 507 3294 et
531 3228 583 3295 ti.
608 3229 704 3296 Missa
728 3233 790 3296 erit
813 3231 853 3297 de
876 3230 1118 3315 liogationilrns.
1142 3229 1304 3315 Vespere,
1337 3228 1400 3293 nisi

328 3325 472 3404 meatur
495 3315 625 3382 Festum
648 3337 762 3384 uorem
786 3319 974 3385 Lectionum
997 3316 1093 3404 (tum
1117 3317 1236 3402 quippe
1260 3315 1299 3380 de
1325 3315 1396 3400 ipso

328 3413 412 3475 runt
434 3405 505 3471 sinc
528 3408 833 3473 commemoratione
855 3405 980 3493 Feriae),
1004 3405 1155 3470 dicuntur
1170 3412 1206 3469 ut
1228 3404 1261 3467 in
1278 3402 1400 3468 Psaltc·

368 3709 407 3786 (Ἴ
429 3711 507 3769 Tres
527 3707 591 3769 dies
611 3707 662 3789 qui
683 3712 799 3770 Festum
828 3708 1012 3770 escensiouis
1039 3706 1230 3780 antecedunt,
1249 3706 1317 3769 ideo
1341 3725 1397 3769 vo·

328 3799 417 3855 untur
438 3787 534 3849 Feriae
555 3788 754 3866 donationum,
776 3788 843 3866 quia
866 3790 894 3848 in
916 3788 950 3847 iis
972 3787 1131 3849 recitantur
1153 3785 1293 3859 Litnniae,
1319 3785 1400 3848 idest

328 3871 499 3952 moriones
519 3865 594 3927 finnt
612 3885 664 3927 seo
679 3868 924 3944 Deprecationee,
938 3867 974 3928 od
989 3865 1189 3929 remissionem
1212 3873 1401 3946 peccatorum

328 3945 516 4018 btinendorn,
538 3964 668 4007 necnon
694 3954 855 4022 peremat
879 3947 995 4023 trogum
1017 3948 1277 4020 conservationem,
1299 3964 1333 4006 oc
1348 3945 1400 4005 de·

328 4047 395 4095 rum
421 4043 480 4108 pro
502 4023 608 4088 ceteris
629 4023 860 4087 necessitatibus.
880 4027 1020 4106 Meretur
1040 4036 1108 4086 sect
1132 4028 1149 4086 u
1171 4045 1197 4087 c.
1222 4029 1257 4088 ro
1278 4045 1308 4086 u.
1332 4029 1361 4088 2.
