<?xml version="1.0" encoding="UTF-8"?>
<!DOCTYPE html PUBLIC "-//W3C//DTD XHTML 1.0 Transitional//EN"
    "http://www.w3.org/TR/xhtml1/DTD/xhtml1-transitional.dtd">
<html xmlns="http://www.w3.org/1999/xhtml" xml:lang="en" lang="en">
 <head>
  <title>
</title>
<meta http-equiv="Content-Type" content="text/html;charset=utf-8" />
  <meta name='ocr-system' content='tesseract 3.04.00' />
  <meta name='ocr-capabilities' content='ocr_page ocr_carea ocr_par ocr_line ocrx_word'/>
</head>
<body>
  <div class='ocr_page' id='page_1' title='image "./kalendariumperp00carpgoog_0195.png"; bbox 0 0 3484 4875; ppageno 0'>
   <div class='ocr_carea' id='block_1_1' title="bbox 537 481 1349 550">
    <p class='ocr_par' dir='ltr' id='par_1_1' title="bbox 537 481 1349 550">
     <span class='ocr_line' id='line_1_1' title="bbox 537 481 1349 550; baseline 0.006 -5"><span class='ocrx_word' id='word_1_1' title='bbox 537 497 712 546; x_wconf 80' lang='lat' dir='ltr'>rumumaux</span> <span class='ocrx_word' id='word_1_2' title='bbox 728 499 801 547; x_wconf 79' lang='lat' dir='ltr'>rosa</span> <span class='ocrx_word' id='word_1_3' title='bbox 816 500 1058 548; x_wconf 82' lang='lat' dir='ltr'>sccruaaesmau</span> <span class='ocrx_word' id='word_1_4' title='bbox 1075 498 1138 548; x_wconf 86' lang='lat' dir='ltr'>erc.</span> <span class='ocrx_word' id='word_1_5' title='bbox 1286 481 1349 550; x_wconf 80' lang='lat' dir='ltr'>let</span> 
     </span>
    </p>
   </div>
   <div class='ocr_carea' id='block_1_2' title="bbox 309 605 1374 873">
    <p class='ocr_par' dir='ltr' id='par_1_2' title="bbox 309 605 1374 873">
     <span class='ocr_line' id='line_1_2' title="bbox 310 605 1371 693; baseline 0.001 -20"><span class='ocrx_word' id='word_1_6' title='bbox 310 627 355 674; x_wconf 83' lang='lat' dir='ltr'>ea</span> <span class='ocrx_word' id='word_1_7' title='bbox 371 605 598 693; x_wconf 85' lang='lat' dir='ltr'>quodcumque</span> <span class='ocrx_word' id='word_1_8' title='bbox 614 606 744 673; x_wconf 85' lang='lat' dir='ltr'>Festum</span> <span class='ocrx_word' id='word_1_9' title='bbox 761 627 934 673; x_wconf 84' lang='lat' dir='ltr'>occurrens</span> <span class='ocrx_word' id='word_1_10' title='bbox 950 616 1000 673; x_wconf 89' lang='lat' dir='ltr'>est</span> <span class='ocrx_word' id='word_1_11' title='bbox 1021 607 1289 685; x_wconf 77' lang='lat' dir='ltr'>transferendum,</span> <span class='ocrx_word' id='word_1_12' title='bbox 1306 608 1371 674; x_wconf 91' lang='lat' dir='ltr'>nisi</span> 
     </span>
     <span class='ocr_line' id='line_1_3' title="bbox 309 696 1374 783; baseline 0.001 -21"><span class='ocrx_word' id='word_1_13' title='bbox 309 699 396 763; x_wconf 89' lang='lat' dir='ltr'>uerit</span> <span class='ocrx_word' id='word_1_14' title='bbox 420 697 540 783; x_wconf 84' lang='lat' dir='ltr'>duplex</span> <span class='ocrx_word' id='word_1_15' title='bbox 564 696 675 783; x_wconf 83' lang='lat' dir='ltr'>primae</span> <span class='ocrx_word' id='word_1_16' title='bbox 699 697 833 771; x_wconf 89' lang='lat' dir='ltr'>classis;</span> <span class='ocrx_word' id='word_1_17' title='bbox 859 706 927 763; x_wconf 92' lang='lat' dir='ltr'>tum</span> <span class='ocrx_word' id='word_1_18' title='bbox 959 698 1076 783; x_wconf 89' lang='lat' dir='ltr'>quippe</span> <span class='ocrx_word' id='word_1_19' title='bbox 1107 698 1194 763; x_wconf 89' lang='lat' dir='ltr'>illius</span> <span class='ocrx_word' id='word_1_20' title='bbox 1226 696 1374 764; x_wconf 79' lang='lat' dir='ltr'>Officium</span> 
     </span>
     <span class='ocr_line' id='line_1_4' title="bbox 309 783 1372 873; baseline -0.001 -21"><span class='ocrx_word' id='word_1_21' title='bbox 309 786 485 853; x_wconf 67' lang='lat' dir='ltr'>celebratur</span> <span class='ocrx_word' id='word_1_22' title='bbox 508 784 565 873; x_wconf 80' lang='lat'>(*);</span> <span class='ocrx_word' id='word_1_23' title='bbox 589 783 762 851; x_wconf 82' lang='lat' dir='ltr'>bomiuicae</span> <span class='ocrx_word' id='word_1_24' title='bbox 787 806 860 851; x_wconf 85' lang='lat' dir='ltr'>vero</span> <span class='ocrx_word' id='word_1_25' title='bbox 892 786 928 851; x_wconf 85' lang='lat' dir='ltr'>fit</span> <span class='ocrx_word' id='word_1_26' title='bbox 958 795 1082 851; x_wconf 89' lang='lat' dir='ltr'>tautum</span> <span class='ocrx_word' id='word_1_27' title='bbox 1111 789 1372 853; x_wconf 89' lang='lat' dir='ltr'>commemoratio</span> 
     </span>
    </p>
   </div>
   <div class='ocr_carea' id='block_1_3' title="bbox 309 1118 1377 2472">
    <p class='ocr_par' dir='ltr' id='par_1_3' title="bbox 309 1118 1376 1517">
     <span class='ocr_line' id='line_1_5' title="bbox 310 1118 1376 1197; baseline 0.001 -18"><span class='ocrx_word' id='word_1_28' title='bbox 310 1119 499 1197; x_wconf 81' lang='lat' dir='ltr'>uadraginta,</span> <span class='ocrx_word' id='word_1_29' title='bbox 524 1118 600 1179; x_wconf 87' lang='lat' dir='ltr'>dieta</span> <span class='ocrx_word' id='word_1_30' title='bbox 630 1119 718 1178; x_wconf 83' lang='lat' dir='ltr'>luerit</span> <span class='ocrx_word' id='word_1_31' title='bbox 749 1120 1002 1197; x_wconf 82' lang='lat' dir='ltr'>Quadrupesa&#39;mu‚</span> <span class='ocrx_word' id='word_1_32' title='bbox 1022 1137 1071 1179; x_wconf 90' lang='lat' dir='ltr'>seu</span> <span class='ocrx_word' id='word_1_33' title='bbox 1102 1118 1252 1182; x_wconf 89' lang='lat' dir='ltr'>Dominica</span> <span class='ocrx_word' id='word_1_34' title='bbox 1281 1119 1376 1197; x_wconf 85' lang='lat' dir='ltr'>prima</span> 
     </span>
     <span class='ocr_line' id='line_1_6' title="bbox 309 1198 1376 1279; baseline 0 -20"><span class='ocrx_word' id='word_1_35' title='bbox 309 1200 565 1279; x_wconf 60' lang='lat' dir='ltr'>Quadrupesimm</span> <span class='ocrx_word' id='word_1_36' title='bbox 587 1216 745 1275; x_wconf 74' lang='lat' dir='ltr'>congruum</span> <span class='ocrx_word' id='word_1_37' title='bbox 770 1198 825 1258; x_wconf 84' lang='lat' dir='ltr'>luit</span> <span class='ocrx_word' id='word_1_38' title='bbox 841 1201 1051 1276; x_wconf 81' lang='lat' dir='ltr'>praecedeatent</span> <span class='ocrx_word' id='word_1_39' title='bbox 1066 1200 1258 1271; x_wconf 88' lang='lat' dir='ltr'>Dominicam,</span> <span class='ocrx_word' id='word_1_40' title='bbox 1273 1199 1301 1261; x_wconf 90' lang='lat' dir='ltr'>in</span> <span class='ocrx_word' id='word_1_41' title='bbox 1316 1218 1376 1279; x_wconf 88' lang='lat' dir='ltr'>qua</span> 
     </span>
     <span class='ocr_line' id='line_1_7' title="bbox 310 1278 1375 1357; baseline 0 -18"><span class='ocrx_word' id='word_1_42' title='bbox 310 1299 334 1339; x_wconf 74' lang='lat' dir='ltr'>e</span> <span class='ocrx_word' id='word_1_43' title='bbox 361 1280 488 1339; x_wconf 87' lang='lat' dir='ltr'>aliorum</span> <span class='ocrx_word' id='word_1_44' title='bbox 521 1297 611 1349; x_wconf 91' lang='lat' dir='ltr'>more,</span> <span class='ocrx_word' id='word_1_45' title='bbox 640 1278 814 1337; x_wconf 74' lang='lat' dir='ltr'>abstinentia</span> <span class='ocrx_word' id='word_1_46' title='bbox 844 1278 945 1339; x_wconf 87' lang='lat' dir='ltr'>eadem</span> <span class='ocrx_word' id='word_1_47' title='bbox 974 1278 1178 1348; x_wconf 73' lang='lat' dir='ltr'>inchoabatur,</span> <span class='ocrx_word' id='word_1_48' title='bbox 1206 1298 1375 1357; x_wconf 86' lang='lat' dir='ltr'>nuncupare</span> 
     </span>
     <span class='ocr_line' id='line_1_8' title="bbox 309 1358 1374 1440; baseline -0.001 -21"><span class='ocrx_word' id='word_1_49' title='bbox 309 1358 604 1437; x_wconf 57' lang='lat' dir='ltr'>Quinquepesimom</span> <span class='ocrx_word' id='word_1_50' title='bbox 625 1366 653 1416; x_wconf 89' lang='lat' dir='ltr'>et</span> <span class='ocrx_word' id='word_1_51' title='bbox 675 1358 759 1417; x_wconf 90' lang='lat' dir='ltr'>aliam</span> <span class='ocrx_word' id='word_1_52' title='bbox 783 1376 884 1419; x_wconf 91' lang='lat' dir='ltr'>rursus</span> <span class='ocrx_word' id='word_1_53' title='bbox 906 1358 1114 1435; x_wconf 65' lang='lat' dir='ltr'>praecedentem</span> <span class='ocrx_word' id='word_1_54' title='bbox 1137 1361 1374 1440; x_wconf 67' lang='lat' dir='ltr'>Saccumum,-</span> 
     </span>
     <span class='ocr_line' id='line_1_9' title="bbox 309 1439 1078 1517; baseline -0.008 -17"><span class='ocrx_word' id='word_1_55' title='bbox 309 1442 489 1500; x_wconf 78' lang='lat' dir='ltr'>emntiorem</span> <span class='ocrx_word' id='word_1_56' title='bbox 512 1458 582 1499; x_wconf 86' lang='lat' dir='ltr'>vero</span> <span class='ocrx_word' id='word_1_57' title='bbox 603 1439 865 1517; x_wconf 78' lang='lat' dir='ltr'>Septuuqera&#39;mum.</span> <span class='ocrx_word' id='word_1_58' title='bbox 893 1461 905 1491; x_wconf 71' lang='lat' dir='ltr'>a</span> <span class='ocrx_word' id='word_1_59' title='bbox 932 1439 1078 1501; x_wconf 74' lang='lat' dir='ltr'>Petamus.</span> 
     </span>
    </p>

    <p class='ocr_par' dir='ltr' id='par_1_4' title="bbox 309 1516 1377 2472">
     <span class='ocr_line' id='line_1_10' title="bbox 357 1516 1373 1599; baseline -0.004 -19"><span class='ocrx_word' id='word_1_60' title='bbox 357 1516 395 1599; x_wconf 68' lang='lat' dir='ltr'>f)</span> <span class='ocrx_word' id='word_1_61' title='bbox 417 1527 526 1580; x_wconf 81' lang='lat' dir='ltr'><strong>Auctor</strong></span> <span class='ocrx_word' id='word_1_62' title='bbox 547 1518 763 1579; x_wconf 87' lang='lat' dir='ltr'>Dissertatiouis</span> <span class='ocrx_word' id='word_1_63' title='bbox 787 1519 814 1577; x_wconf 93' lang='lat' dir='ltr'>in</span> <span class='ocrx_word' id='word_1_64' title='bbox 837 1519 976 1579; x_wconf 86' lang='lat' dir='ltr'>Rubricas</span> <span class='ocrx_word' id='word_1_65' title='bbox 999 1517 1148 1592; x_wconf 79' lang='lat' dir='ltr'>breviarii,</span> <span class='ocrx_word' id='word_1_66' title='bbox 1170 1517 1252 1598; x_wconf 82' lang='lat' dir='ltr'>cujus</span> <span class='ocrx_word' id='word_1_67' title='bbox 1273 1516 1373 1596; x_wconf 87' lang='lat' dir='ltr'>opina·-</span> 
     </span>
     <span class='ocr_line' id='line_1_11' title="bbox 309 1594 1377 1675; baseline -0.002 -17"><span class='ocrx_word' id='word_1_68' title='bbox 309 1594 392 1660; x_wconf 84' lang='lat' dir='ltr'>innes</span> <span class='ocrx_word' id='word_1_69' title='bbox 415 1618 472 1659; x_wconf 91' lang='lat' dir='ltr'>non</span> <span class='ocrx_word' id='word_1_70' title='bbox 493 1598 582 1659; x_wconf 89' lang='lat' dir='ltr'>semel</span> <span class='ocrx_word' id='word_1_71' title='bbox 606 1597 754 1670; x_wconf 79' lang='lat' dir='ltr'>diluimus,</span> <span class='ocrx_word' id='word_1_72' title='bbox 776 1618 807 1657; x_wconf 91' lang='lat' dir='ltr'>ea</span> <span class='ocrx_word' id='word_1_73' title='bbox 831 1608 924 1657; x_wconf 89' lang='lat' dir='ltr'>mente</span> <span class='ocrx_word' id='word_1_74' title='bbox 948 1607 999 1669; x_wconf 85' lang='lat' dir='ltr'>est,</span> <span class='ocrx_word' id='word_1_75' title='bbox 1021 1607 1052 1658; x_wconf 91' lang='lat' dir='ltr'>ut</span> <span class='ocrx_word' id='word_1_76' title='bbox 1073 1618 1088 1657; x_wconf 89' lang='lat' dir='ltr'>a</span> <span class='ocrx_word' id='word_1_77' title='bbox 1112 1598 1268 1659; x_wconf 87' lang='lat' dir='ltr'>Dominicis</span> <span class='ocrx_word' id='word_1_78' title='bbox 1289 1598 1377 1675; x_wconf 89' lang='lat' dir='ltr'>privi-</span> 
     </span>
     <span class='ocr_line' id='line_1_12' title="bbox 309 1677 1376 1760; baseline 0 -22"><span class='ocrx_word' id='word_1_79' title='bbox 309 1677 415 1760; x_wconf 65' lang='lat' dir='ltr'>¹agintis</span> <span class='ocrx_word' id='word_1_80' title='bbox 429 1680 565 1739; x_wconf 85' lang='lat' dir='ltr'>secundae</span> <span class='ocrx_word' id='word_1_81' title='bbox 580 1677 680 1739; x_wconf 89' lang='lat' dir='ltr'>classis</span> <span class='ocrx_word' id='word_1_82' title='bbox 695 1677 918 1752; x_wconf 80' lang='lat' dir='ltr'>expungendum</span> <span class='ocrx_word' id='word_1_83' title='bbox 936 1679 1090 1739; x_wconf 74' lang='lat' dir='ltr'>arbitretur</span> <span class='ocrx_word' id='word_1_84' title='bbox 1105 1678 1227 1756; x_wconf 82' lang='lat' dir='ltr'>quodvis</span> <span class='ocrx_word' id='word_1_85' title='bbox 1243 1677 1376 1739; x_wconf 85' lang='lat' dir='ltr'>Officium</span> 
     </span>
     <span class='ocr_line' id='line_1_13' title="bbox 309 1757 1375 1836; baseline -0.002 -17"><span class='ocrx_word' id='word_1_86' title='bbox 309 1765 461 1824; x_wconf 59' lang='lat' dir='ltr'>murreus</span> <span class='ocrx_word' id='word_1_87' title='bbox 476 1759 584 1834; x_wconf 80' lang='lat' dir='ltr'>duplex</span> <span class='ocrx_word' id='word_1_88' title='bbox 607 1757 709 1835; x_wconf 85' lang='lat' dir='ltr'>primae</span> <span class='ocrx_word' id='word_1_89' title='bbox 730 1758 840 1826; x_wconf 79' lang='lat' dir='ltr'>classis,</span> <span class='ocrx_word' id='word_1_90' title='bbox 856 1766 961 1834; x_wconf 89' lang='lat' dir='ltr'>praeter</span> <span class='ocrx_word' id='word_1_91' title='bbox 975 1762 1056 1819; x_wconf 82' lang='lat' dir='ltr'>Festa</span> <span class='ocrx_word' id='word_1_92' title='bbox 1081 1758 1246 1836; x_wconf 87' lang='lat' dir='ltr'>principalis</span> <span class='ocrx_word' id='word_1_93' title='bbox 1262 1758 1375 1818; x_wconf 88' lang='lat' dir='ltr'>Patroni</span> 
     </span>
     <span class='ocr_line' id='line_1_14' title="bbox 309 1831 1375 1916; baseline -0.001 -16"><span class='ocrx_word' id='word_1_94' title='bbox 309 1831 381 1910; x_wconf 55' lang='lat' dir='ltr'>beai,</span> <span class='ocrx_word' id='word_1_95' title='bbox 401 1836 541 1898; x_wconf 83' lang='lat' dir='ltr'>Titularis</span> <span class='ocrx_word' id='word_1_96' title='bbox 562 1847 592 1897; x_wconf 91' lang='lat' dir='ltr'>et</span> <span class='ocrx_word' id='word_1_97' title='bbox 607 1837 801 1897; x_wconf 73' lang='lat' dir='ltr'>dedicationis</span> <span class='ocrx_word' id='word_1_98' title='bbox 822 1844 954 1915; x_wconf 80' lang='lat' dir='ltr'>propriae</span> <span class='ocrx_word' id='word_1_99' title='bbox 970 1840 1114 1907; x_wconf 78' lang='lat' dir='ltr'>Ecclesiae,</span> <span class='ocrx_word' id='word_1_100' title='bbox 1131 1847 1228 1915; x_wconf 90' lang='lat' dir='ltr'>utpote</span> <span class='ocrx_word' id='word_1_101' title='bbox 1251 1856 1375 1916; x_wconf 90' lang='lat' dir='ltr'>quorum</span> 
     </span>
     <span class='ocr_line' id='line_1_15' title="bbox 309 1915 1377 1996; baseline -0.004 -14"><span class='ocrx_word' id='word_1_102' title='bbox 309 1915 452 1996; x_wconf 66' lang='lat' dir='ltr'>mnecptis</span> <span class='ocrx_word' id='word_1_103' title='bbox 473 1918 570 1978; x_wconf 89' lang='lat' dir='ltr'>verbis</span> <span class='ocrx_word' id='word_1_104' title='bbox 593 1917 724 1995; x_wconf 83' lang='lat' dir='ltr'>exceptio</span> <span class='ocrx_word' id='word_1_105' title='bbox 746 1916 795 1976; x_wconf 87' lang='lat' dir='ltr'>fiat</span> <span class='ocrx_word' id='word_1_106' title='bbox 815 1918 843 1976; x_wconf 93' lang='lat' dir='ltr'>in</span> <span class='ocrx_word' id='word_1_107' title='bbox 866 1918 1000 1977; x_wconf 84' lang='lat' dir='ltr'>Rubricis</span> <span class='ocrx_word' id='word_1_108' title='bbox 1017 1918 1057 1978; x_wconf 90' lang='lat' dir='ltr'>tit.</span> <span class='ocrx_word' id='word_1_109' title='bbox 1081 1922 1118 1978; x_wconf 83' lang='lat' dir='ltr'>lV</span> <span class='ocrx_word' id='word_1_110' title='bbox 1140 1938 1168 1979; x_wconf 90' lang='lat' dir='ltr'>n.</span> <span class='ocrx_word' id='word_1_111' title='bbox 1194 1922 1253 1978; x_wconf 90' lang='lat' dir='ltr'>let</span> <span class='ocrx_word' id='word_1_112' title='bbox 1274 1919 1315 1978; x_wconf 90' lang='lat' dir='ltr'>tit.</span> <span class='ocrx_word' id='word_1_113' title='bbox 1337 1922 1377 1978; x_wconf 91' lang='lat' dir='ltr'>lX</span> 
     </span>
     <span class='ocr_line' id='line_1_16' title="bbox 309 1996 1376 2078; baseline -0.003 -19"><span class='ocrx_word' id='word_1_114' title='bbox 309 2009 337 2066; x_wconf 72' lang='grc' dir='ltr'>ι.</span> <span class='ocrx_word' id='word_1_115' title='bbox 354 2000 383 2059; x_wconf 83' lang='grc'>3.</span> <span class='ocrx_word' id='word_1_116' title='bbox 404 1996 461 2059; x_wconf 89' lang='lat' dir='ltr'>Sed</span> <span class='ocrx_word' id='word_1_117' title='bbox 483 1998 559 2057; x_wconf 90' lang='lat' dir='ltr'>enim</span> <span class='ocrx_word' id='word_1_118' title='bbox 582 1996 723 2078; x_wconf 86' lang='lat' dir='ltr'>ejusmodi</span> <span class='ocrx_word' id='word_1_119' title='bbox 739 1998 930 2058; x_wconf 80' lang='lat' dir='ltr'>[lubricorum</span> <span class='ocrx_word' id='word_1_120' title='bbox 949 1998 1145 2075; x_wconf 83' lang='lat' dir='ltr'>interpretatio</span> <span class='ocrx_word' id='word_1_121' title='bbox 1160 1998 1242 2059; x_wconf 89' lang='lat' dir='ltr'>uobis</span> <span class='ocrx_word' id='word_1_122' title='bbox 1259 1998 1376 2057; x_wconf 89' lang='lat' dir='ltr'>minime</span> 
     </span>
     <span class='ocr_line' id='line_1_17' title="bbox 309 2076 1376 2156; baseline 0.002 -20"><span class='ocrx_word' id='word_1_123' title='bbox 309 2076 422 2156; x_wconf 71' lang='lat' dir='ltr'>trridet.</span> <span class='ocrx_word' id='word_1_124' title='bbox 437 2080 507 2137; x_wconf 87' lang='lat' dir='ltr'>Nam</span> <span class='ocrx_word' id='word_1_125' title='bbox 524 2088 715 2155; x_wconf 71' lang='lat' dir='ltr'>praeterquam</span> <span class='ocrx_word' id='word_1_126' title='bbox 732 2077 809 2154; x_wconf 91' lang='lat' dir='ltr'>quod</span> <span class='ocrx_word' id='word_1_127' title='bbox 826 2076 948 2138; x_wconf 87' lang='lat' dir='ltr'>Robrica</span> <span class='ocrx_word' id='word_1_128' title='bbox 964 2078 1006 2138; x_wconf 91' lang='lat' dir='ltr'>tit.</span> <span class='ocrx_word' id='word_1_129' title='bbox 1022 2081 1048 2137; x_wconf 95' lang='lat' dir='ltr'>X</span> <span class='ocrx_word' id='word_1_130' title='bbox 1062 2098 1089 2137; x_wconf 86' lang='lat' dir='ltr'>n.</span> <span class='ocrx_word' id='word_1_131' title='bbox 1105 2082 1116 2137; x_wconf 99' lang='grc'>1</span> <span class='ocrx_word' id='word_1_132' title='bbox 1133 2077 1160 2137; x_wconf 91' lang='lat' dir='ltr'>in</span> <span class='ocrx_word' id='word_1_133' title='bbox 1178 2078 1305 2155; x_wconf 85' lang='lat' dir='ltr'>praelatis</span> <span class='ocrx_word' id='word_1_134' title='bbox 1320 2081 1376 2138; x_wconf 87' lang='lat' dir='ltr'>Do-</span> 
     </span>
     <span class='ocr_line' id='line_1_18' title="bbox 309 2155 1377 2236; baseline 0.002 -20"><span class='ocrx_word' id='word_1_135' title='bbox 309 2156 418 2218; x_wconf 62' lang='lat' dir='ltr'>minicis</span> <span class='ocrx_word' id='word_1_136' title='bbox 440 2159 602 2234; x_wconf 85' lang='lat' dir='ltr'>expressim</span> <span class='ocrx_word' id='word_1_137' title='bbox 625 2156 748 2215; x_wconf 89' lang='lat' dir='ltr'>admittit</span> <span class='ocrx_word' id='word_1_138' title='bbox 763 2160 961 2233; x_wconf 84' lang='lat' dir='ltr'>quodcumque</span> <span class='ocrx_word' id='word_1_139' title='bbox 977 2161 1091 2217; x_wconf 84' lang='lat' dir='ltr'>Festum</span> <span class='ocrx_word' id='word_1_140' title='bbox 1114 2158 1240 2217; x_wconf 88' lang='lat' dir='ltr'>solemne</span> <span class='ocrx_word' id='word_1_141' title='bbox 1256 2155 1377 2236; x_wconf 84' lang='lat' dir='ltr'>ulictrjns</span> 
     </span>
     <span class='ocr_line' id='line_1_19' title="bbox 309 2233 1376 2315; baseline -0.001 -17"><span class='ocrx_word' id='word_1_142' title='bbox 309 2233 385 2308; x_wconf 69' lang='lat' dir='ltr'>buci,</span> <span class='ocrx_word' id='word_1_143' title='bbox 411 2235 488 2297; x_wconf 81' lang='lat' dir='ltr'>iile&#39;st</span> <span class='ocrx_word' id='word_1_144' title='bbox 514 2236 699 2315; x_wconf 87' lang='lat' dir='ltr'>particulare,</span> <span class='ocrx_word' id='word_1_145' title='bbox 727 2235 797 2296; x_wconf 89' lang='lat' dir='ltr'>illud</span> <span class='ocrx_word' id='word_1_146' title='bbox 825 2254 941 2315; x_wconf 89' lang='lat' dir='ltr'>quoque</span> <span class='ocrx_word' id='word_1_147' title='bbox 969 2256 1004 2296; x_wconf 90' lang='lat' dir='ltr'>ex</span> <span class='ocrx_word' id='word_1_148' title='bbox 1033 2236 1150 2297; x_wconf 86' lang='lat' dir='ltr'>Tabella</span> <span class='ocrx_word' id='word_1_149' title='bbox 1180 2240 1376 2297; x_wconf 78' lang='lat' dir='ltr'>occurreretur</span> 
     </span>
     <span class='ocr_line' id='line_1_20' title="bbox 309 2315 1376 2394; baseline 0 -19"><span class='ocrx_word' id='word_1_150' title='bbox 309 2315 462 2377; x_wconf 69' lang='lat' dir='ltr'>universim</span> <span class='ocrx_word' id='word_1_151' title='bbox 487 2316 584 2394; x_wconf 89' lang='lat' dir='ltr'>liquet,</span> <span class='ocrx_word' id='word_1_152' title='bbox 606 2317 634 2375; x_wconf 93' lang='lat' dir='ltr'>in</span> <span class='ocrx_word' id='word_1_153' title='bbox 654 2332 774 2376; x_wconf 85' lang='lat' dir='ltr'>occursu</span> <span class='ocrx_word' id='word_1_154' title='bbox 793 2316 901 2377; x_wconf 89' lang='lat' dir='ltr'>seilicet</span> <span class='ocrx_word' id='word_1_155' title='bbox 916 2317 989 2377; x_wconf 81' lang='lat' dir='ltr'>Festi</span> <span class='ocrx_word' id='word_1_156' title='bbox 1006 2316 1130 2393; x_wconf 89' lang='lat' dir='ltr'>duplicis</span> <span class='ocrx_word' id='word_1_157' title='bbox 1153 2316 1254 2394; x_wconf 80' lang='lat' dir='ltr'>primae</span> <span class='ocrx_word' id='word_1_158' title='bbox 1277 2316 1376 2375; x_wconf 87' lang='lat' dir='ltr'>classis</span> 
     </span>
     <span class='ocr_line' id='line_1_21' title="bbox 309 2394 1376 2472; baseline 0.001 -17"><span class='ocrx_word' id='word_1_159' title='bbox 309 2409 377 2457; x_wconf 75' lang='lat' dir='ltr'>eum</span> <span class='ocrx_word' id='word_1_160' title='bbox 394 2396 541 2458; x_wconf 83' lang='lat' dir='ltr'>Dourinica</span> <span class='ocrx_word' id='word_1_161' title='bbox 564 2395 699 2458; x_wconf 84' lang='lat' dir='ltr'>secundae</span> <span class='ocrx_word' id='word_1_162' title='bbox 714 2395 823 2469; x_wconf 87' lang='lat' dir='ltr'>classis,</span> <span class='ocrx_word' id='word_1_163' title='bbox 838 2394 970 2457; x_wconf 88' lang='lat' dir='ltr'>Officium</span> <span class='ocrx_word' id='word_1_164' title='bbox 991 2398 1027 2456; x_wconf 92' lang='lat' dir='ltr'>de</span> <span class='ocrx_word' id='word_1_165' title='bbox 1049 2401 1132 2457; x_wconf 77' lang='lat' dir='ltr'>Festo</span> <span class='ocrx_word' id='word_1_166' title='bbox 1154 2397 1296 2472; x_wconf 81' lang='lat' dir='ltr'>agendum</span> <span class='ocrx_word' id='word_1_167' title='bbox 1313 2414 1376 2456; x_wconf 88' lang='lat' dir='ltr'>esse</span> 
     </span>
    </p>
   </div>
   <div class='ocr_carea' id='block_1_4' title="bbox 309 2476 1374 2617">
    <p class='ocr_par' dir='ltr' id='par_1_5' title="bbox 309 2476 1374 2617">
     <span class='ocr_line' id='line_1_22' title="bbox 309 2476 1374 2617; baseline 0.004 -84"><span class='ocrx_word' id='word_1_168' title='bbox 309 2488 377 2535; x_wconf 75' lang='lat' dir='ltr'>eum</span> <span class='ocrx_word' id='word_1_169' title='bbox 395 2478 667 2537; x_wconf 84' lang='lat' dir='ltr'>commemoratione</span> <span class='ocrx_word' id='word_1_170' title='bbox 689 2476 854 2536; x_wconf 86' lang='lat' dir='ltr'>Dominicae.</span> <span class='ocrx_word' id='word_1_171' title='bbox 878 2476 906 2536; x_wconf 86' lang='lat' dir='ltr'>Si</span> <span class='ocrx_word' id='word_1_172' title='bbox 930 2477 958 2536; x_wconf 89' lang='lat' dir='ltr'>in</span> <span class='ocrx_word' id='word_1_173' title='bbox 981 2477 1138 2536; x_wconf 88' lang='lat' dir='ltr'>Dominicis</span> <span class='ocrx_word' id='word_1_174' title='bbox 1157 2476 1298 2617; x_wconf 70' lang='lat' dir='ltr'>e&#39;ppsmodi</span> <span class='ocrx_word' id='word_1_175' title='bbox 1321 2478 1374 2537; x_wconf 81' lang='lat' dir='ltr'>tria</span> 
     </span>
    </p>
   </div>
   <div class='ocr_carea' id='block_1_5' title="bbox 309 2548 1412 4077">
    <p class='ocr_par' dir='ltr' id='par_1_6' title="bbox 309 2548 1412 3114">
     <span class='ocr_line' id='line_1_23' title="bbox 309 2548 1412 2699; baseline -0.002 -81"><span class='ocrx_word' id='word_1_176' title='bbox 309 2548 460 2699; x_wconf 44' lang='lat' dir='ltr'>&amp;Festa</span> <span class='ocrx_word' id='word_1_177' title='bbox 483 2557 632 2616; x_wconf 88' lang='lat' dir='ltr'>dumtaxat</span> <span class='ocrx_word' id='word_1_178' title='bbox 654 2556 747 2615; x_wconf 90' lang='lat' dir='ltr'>locum</span> <span class='ocrx_word' id='word_1_179' title='bbox 771 2556 930 2628; x_wconf 86' lang='lat' dir='ltr'>habereut,</span> <span class='ocrx_word' id='word_1_180' title='bbox 959 2557 1087 2632; x_wconf 83' lang='lat' dir='ltr'>prolecto</span> <span class='ocrx_word' id='word_1_181' title='bbox 1117 2556 1143 2636; x_wconf 80' lang='lat' dir='ltr'>io</span> <span class='ocrx_word' id='word_1_182' title='bbox 1197 2556 1289 2617; x_wconf 89' lang='lat' dir='ltr'>abella</span> <span class='ocrx_word' id='word_1_183' title='bbox 1317 2574 1373 2616; x_wconf 90' lang='lat' dir='ltr'>non</span> <span class='ocrx_word' id='word_1_184' title='bbox 1405 2551 1412 2565; x_wconf 79' lang='grc'><em>“</em></span> 
     </span>
     <span class='ocr_line' id='line_1_24' title="bbox 366 2635 1372 2714; baseline -0.003 -18.147"><span class='ocrx_word' id='word_1_185' title='bbox 366 2681 375 2706; x_wconf 93' lang='grc'><strong><em>,</em></strong></span> <span class='ocrx_word' id='word_1_186' title='bbox 394 2637 444 2696; x_wconf 89' lang='lat' dir='ltr'>sed</span> <span class='ocrx_word' id='word_1_187' title='bbox 468 2635 544 2696; x_wconf 82' lang='lat' dir='ltr'>binae</span> <span class='ocrx_word' id='word_1_188' title='bbox 566 2635 679 2696; x_wconf 80' lang='lat' dir='ltr'>cellulae</span> <span class='ocrx_word' id='word_1_189' title='bbox 701 2635 824 2695; x_wconf 86' lang='lat' dir='ltr'>luissent</span> <span class='ocrx_word' id='word_1_190' title='bbox 844 2636 992 2714; x_wconf 73' lang='lat' dir='ltr'>appositae,</span> <span class='ocrx_word' id='word_1_191' title='bbox 1015 2643 1042 2695; x_wconf 92' lang='lat' dir='ltr'>et</span> <span class='ocrx_word' id='word_1_192' title='bbox 1057 2636 1159 2695; x_wconf 90' lang='lat' dir='ltr'>harum</span> <span class='ocrx_word' id='word_1_193' title='bbox 1176 2635 1255 2714; x_wconf 91' lang='lat' dir='ltr'>prior</span> <span class='ocrx_word' id='word_1_194' title='bbox 1270 2635 1310 2696; x_wconf 89' lang='lat' dir='ltr'>sic</span> <span class='ocrx_word' id='word_1_195' title='bbox 1331 2635 1372 2694; x_wconf 91' lang='lat' dir='ltr'>in·</span> 
     </span>
     <span class='ocr_line' id='line_1_25' title="bbox 310 2714 1374 2793; baseline -0.003 -16"><span class='ocrx_word' id='word_1_196' title='bbox 310 2714 410 2793; x_wconf 51' lang='lat' dir='ltr'>wlpra</span> <span class='ocrx_word' id='word_1_197' title='bbox 433 2718 553 2793; x_wconf 75' lang='lat' dir='ltr'>Duplex</span> <span class='ocrx_word' id='word_1_198' title='bbox 578 2721 588 2776; x_wconf 95' lang='grc'>1</span> <span class='ocrx_word' id='word_1_199' title='bbox 614 2719 732 2787; x_wconf 79' lang='lat' dir='ltr'>classis,</span> <span class='ocrx_word' id='word_1_200' title='bbox 761 2717 886 2774; x_wconf 83' lang='lat' dir='ltr'>secunda</span> <span class='ocrx_word' id='word_1_201' title='bbox 909 2733 985 2776; x_wconf 55' lang='lat' dir='ltr'>‘roro</span> <span class='ocrx_word' id='word_1_202' title='bbox 1013 2715 1053 2776; x_wconf 89' lang='lat' dir='ltr'>sie</span> <span class='ocrx_word' id='word_1_203' title='bbox 1082 2717 1199 2776; x_wconf 78' lang='lat' dir='ltr'>Festum</span> <span class='ocrx_word' id='word_1_204' title='bbox 1228 2718 1295 2777; x_wconf 83' lang='lat' dir='ltr'>Pet.</span> <span class='ocrx_word' id='word_1_205' title='bbox 1324 2734 1374 2774; x_wconf 88' lang='lat' dir='ltr'>seu</span> 
     </span>
     <span class='ocr_line' id='line_1_26' title="bbox 322 2790 1373 2873; baseline -0.001 -18"><span class='ocrx_word' id='word_1_206' title='bbox 322 2790 396 2856; x_wconf 65' lang='lat' dir='ltr'>mut.</span> <span class='ocrx_word' id='word_1_207' title='bbox 421 2810 474 2858; x_wconf 84' lang='lat' dir='ltr'>aut</span> <span class='ocrx_word' id='word_1_208' title='bbox 495 2798 607 2865; x_wconf 79' lang='lat' dir='ltr'>Dedic,</span> <span class='ocrx_word' id='word_1_209' title='bbox 630 2803 661 2855; x_wconf 92' lang='lat' dir='ltr'>ut</span> <span class='ocrx_word' id='word_1_210' title='bbox 683 2796 818 2854; x_wconf 90' lang='lat' dir='ltr'>nimirum</span> <span class='ocrx_word' id='word_1_211' title='bbox 842 2796 992 2856; x_wconf 82' lang='lat' dir='ltr'>cornmode</span> <span class='ocrx_word' id='word_1_212' title='bbox 1016 2804 1112 2873; x_wconf 89' lang='lat' dir='ltr'>posset</span> <span class='ocrx_word' id='word_1_213' title='bbox 1131 2814 1220 2856; x_wconf 92' lang='lat' dir='ltr'>unum</span> <span class='ocrx_word' id='word_1_214' title='bbox 1243 2795 1279 2856; x_wconf 90' lang='lat' dir='ltr'>ab</span> <span class='ocrx_word' id='word_1_215' title='bbox 1301 2795 1373 2855; x_wconf 89' lang='lat' dir='ltr'>alte·</span> 
     </span>
     <span class='ocr_line' id='line_1_27' title="bbox 311 2875 1373 2949; baseline 0 -15"><span class='ocrx_word' id='word_1_216' title='bbox 311 2884 348 2934; x_wconf 64' lang='lat' dir='ltr'>Po</span> <span class='ocrx_word' id='word_1_217' title='bbox 364 2876 534 2949; x_wconf 87' lang='lat' dir='ltr'>internosri;</span> <span class='ocrx_word' id='word_1_218' title='bbox 557 2895 589 2936; x_wconf 89' lang='lat' dir='ltr'>ac</span> <span class='ocrx_word' id='word_1_219' title='bbox 611 2882 672 2934; x_wconf 89' lang='lat' dir='ltr'>tum</span> <span class='ocrx_word' id='word_1_220' title='bbox 695 2875 816 2934; x_wconf 88' lang='lat' dir='ltr'>adversa</span> <span class='ocrx_word' id='word_1_221' title='bbox 837 2876 939 2936; x_wconf 90' lang='lat' dir='ltr'>cellola</span> <span class='ocrx_word' id='word_1_222' title='bbox 962 2881 1159 2938; x_wconf 82' lang='lat' dir='ltr'>oecurrerrtioe</span> <span class='ocrx_word' id='word_1_223' title='bbox 1187 2894 1251 2937; x_wconf 86' lang='lat' dir='ltr'>curu</span> <span class='ocrx_word' id='word_1_224' title='bbox 1274 2875 1373 2935; x_wconf 90' lang='lat' dir='ltr'>Domi·</span> 
     </span>
     <span class='ocr_line' id='line_1_28' title="bbox 310 2952 1374 3034; baseline 0 -18"><span class='ocrx_word' id='word_1_225' title='bbox 310 2952 371 3016; x_wconf 66' lang='lat' dir='ltr'>lien</span> <span class='ocrx_word' id='word_1_226' title='bbox 389 2956 523 3017; x_wconf 76' lang='lat' dir='ltr'>secundae</span> <span class='ocrx_word' id='word_1_227' title='bbox 544 2955 655 3027; x_wconf 84' lang='lat' dir='ltr'>classis,</span> <span class='ocrx_word' id='word_1_228' title='bbox 675 2955 770 3033; x_wconf 90' lang='lat' dir='ltr'>quoad</span> <span class='ocrx_word' id='word_1_229' title='bbox 793 2972 882 3015; x_wconf 80' lang='lat' dir='ltr'>anima</span> <span class='ocrx_word' id='word_1_230' title='bbox 906 2955 942 3015; x_wconf 93' lang='lat' dir='ltr'>ita</span> <span class='ocrx_word' id='word_1_231' title='bbox 958 2956 1175 3034; x_wconf 86' lang='lat' dir='ltr'>respondisset:</span> <span class='ocrx_word' id='word_1_232' title='bbox 1201 2956 1374 3016; x_wconf 77' lang='lat' dir='ltr'>l&#39;ronstotr‘o</span> 
     </span>
     <span class='ocr_line' id='line_1_29' title="bbox 310 3028 1371 3114; baseline 0.001 -19"><span class='ocrx_word' id='word_1_233' title='bbox 310 3028 349 3109; x_wconf 62' lang='lat' dir='ltr'>dp</span> <span class='ocrx_word' id='word_1_234' title='bbox 363 3040 472 3113; x_wconf 72' lang='lat' dir='ltr'>primu,</span> <span class='ocrx_word' id='word_1_235' title='bbox 501 3037 637 3113; x_wconf 77' lang='lat' dir='ltr'>Officium</span> <span class='ocrx_word' id='word_1_236' title='bbox 662 3038 696 3094; x_wconf 84' lang='lat' dir='ltr'>de</span> <span class='ocrx_word' id='word_1_237' title='bbox 725 3038 874 3107; x_wconf 83' lang='lat' dir='ltr'>secuado;</span> <span class='ocrx_word' id='word_1_238' title='bbox 895 3037 989 3113; x_wconf 76' lang='lat' dir='ltr'>quirad</span> <span class='ocrx_word' id='word_1_239' title='bbox 1018 3037 1139 3096; x_wconf 91' lang='lat' dir='ltr'>alterum</span> <span class='ocrx_word' id='word_1_240' title='bbox 1172 3037 1308 3114; x_wconf 73' lang='lat' dir='ltr'>Officium</span> <span class='ocrx_word' id='word_1_241' title='bbox 1336 3039 1371 3096; x_wconf 88' lang='lat' dir='ltr'>de</span> 
     </span>
    </p>

    <p class='ocr_par' dir='ltr' id='par_1_7' title="bbox 309 3115 1377 4077">
     <span class='ocr_line' id='line_1_30' title="bbox 362 3115 1373 3190; baseline 0.001 -14"><span class='ocrx_word' id='word_1_242' title='bbox 362 3130 414 3190; x_wconf 83' lang='lat' dir='ltr'>mu,</span> <span class='ocrx_word' id='word_1_243' title='bbox 434 3119 674 3176; x_wconf 82' lang='lat' dir='ltr'>commemoratio</span> <span class='ocrx_word' id='word_1_244' title='bbox 695 3117 729 3174; x_wconf 86' lang='lat' dir='ltr'>de</span> <span class='ocrx_word' id='word_1_245' title='bbox 758 3119 894 3176; x_wconf 87' lang='lat' dir='ltr'>secundo.</span> <span class='ocrx_word' id='word_1_246' title='bbox 924 3117 953 3176; x_wconf 87' lang='lat' dir='ltr'>Si</span> <span class='ocrx_word' id='word_1_247' title='bbox 981 3115 1057 3176; x_wconf 90' lang='lat' dir='ltr'>enim</span> <span class='ocrx_word' id='word_1_248' title='bbox 1083 3116 1227 3178; x_wconf 88' lang='lat' dir='ltr'>distinctio</span> <span class='ocrx_word' id='word_1_249' title='bbox 1256 3116 1316 3176; x_wconf 82' lang='lat' dir='ltr'>haee</span> <span class='ocrx_word' id='word_1_250' title='bbox 1344 3118 1373 3178; x_wconf 89' lang='lat' dir='ltr'>in</span> 
     </span>
     <span class='ocr_line' id='line_1_31' title="bbox 309 3117 1371 3277; baseline -0.001 -21"><span class='ocrx_word' id='word_1_251' title='bbox 309 3117 454 3277; x_wconf 51' lang='lat' dir='ltr'>fibulam</span> <span class='ocrx_word' id='word_1_252' title='bbox 476 3201 691 3256; x_wconf 72' lang='lat' dir='ltr'>concurrentem</span> <span class='ocrx_word' id='word_1_253' title='bbox 712 3194 826 3257; x_wconf 90' lang='lat' dir='ltr'>inducta</span> <span class='ocrx_word' id='word_1_254' title='bbox 842 3205 895 3268; x_wconf 86' lang='lat' dir='ltr'>est,</span> <span class='ocrx_word' id='word_1_255' title='bbox 910 3214 1085 3276; x_wconf 88' lang='lat' dir='ltr'>quamquam</span> <span class='ocrx_word' id='word_1_256' title='bbox 1108 3195 1270 3257; x_wconf 90' lang='lat' dir='ltr'>necessaria</span> <span class='ocrx_word' id='word_1_257' title='bbox 1285 3195 1371 3256; x_wconf 92' lang='lat' dir='ltr'>mini-</span> 
     </span>
     <span class='ocr_line' id='line_1_32' title="bbox 310 3272 1374 3354; baseline 0.001 -20"><span class='ocrx_word' id='word_1_258' title='bbox 310 3272 358 3343; x_wconf 63' lang='lat' dir='ltr'>ile</span> <span class='ocrx_word' id='word_1_259' title='bbox 374 3276 517 3347; x_wconf 83' lang='lat' dir='ltr'>rideatur,</span> <span class='ocrx_word' id='word_1_260' title='bbox 538 3275 626 3336; x_wconf 90' lang='lat' dir='ltr'>multo</span> <span class='ocrx_word' id='word_1_261' title='bbox 648 3275 738 3352; x_wconf 77' lang='lat' dir='ltr'>magis</span> <span class='ocrx_word' id='word_1_262' title='bbox 762 3276 809 3350; x_wconf 89' lang='lat' dir='ltr'>(si</span> <span class='ocrx_word' id='word_1_263' title='bbox 832 3275 992 3354; x_wconf 84' lang='lat' dir='ltr'>cujuspiam</span> <span class='ocrx_word' id='word_1_264' title='bbox 1009 3278 1144 3335; x_wconf 88' lang='lat' dir='ltr'>momenti</span> <span class='ocrx_word' id='word_1_265' title='bbox 1169 3277 1242 3336; x_wconf 82' lang='lat' dir='ltr'>toret</span> <span class='ocrx_word' id='word_1_266' title='bbox 1263 3275 1374 3335; x_wconf 79' lang='lat' dir='ltr'>Adver-</span> 
     </span>
     <span class='ocr_line' id='line_1_33' title="bbox 310 3350 1377 3435; baseline -0.001 -18"><span class='ocrx_word' id='word_1_267' title='bbox 310 3350 375 3417; x_wconf 57' lang='lat' dir='ltr'>&#39;tui</span> <span class='ocrx_word' id='word_1_268' title='bbox 393 3357 517 3435; x_wconf 70' lang='lat' dir='ltr'>opinio)</span> <span class='ocrx_word' id='word_1_269' title='bbox 537 3356 687 3434; x_wconf 87' lang='lat' dir='ltr'>oportebat</span> <span class='ocrx_word' id='word_1_270' title='bbox 707 3363 738 3416; x_wconf 87' lang='lat' dir='ltr'>ut</span> <span class='ocrx_word' id='word_1_271' title='bbox 759 3354 943 3416; x_wconf 73' lang='lat' dir='ltr'>induc-‘eretur</span> <span class='ocrx_word' id='word_1_272' title='bbox 966 3355 993 3416; x_wconf 93' lang='lat' dir='ltr'>in</span> <span class='ocrx_word' id='word_1_273' title='bbox 1015 3354 1164 3416; x_wconf 84' lang='lat' dir='ltr'>Tabellam</span> <span class='ocrx_word' id='word_1_274' title='bbox 1181 3358 1377 3416; x_wconf 80' lang='lat' dir='ltr'>occorrrenta’oe</span> 
     </span>
     <span class='ocr_line' id='line_1_34' title="bbox 310 3433 1375 3515; baseline -0.002 -19"><span class='ocrx_word' id='word_1_275' title='bbox 310 3433 346 3496; x_wconf 74' lang='grc'>’11</span> <span class='ocrx_word' id='word_1_276' title='bbox 371 3436 585 3515; x_wconf 82' lang='lat' dir='ltr'>ambiguitatem</span> <span class='ocrx_word' id='word_1_277' title='bbox 610 3453 724 3496; x_wconf 91' lang='lat' dir='ltr'>omnem</span> <span class='ocrx_word' id='word_1_278' title='bbox 752 3454 768 3493; x_wconf 91' lang='lat' dir='ltr'>e</span> <span class='ocrx_word' id='word_1_279' title='bbox 798 3436 891 3496; x_wconf 89' lang='lat' dir='ltr'>medio</span> <span class='ocrx_word' id='word_1_280' title='bbox 919 3434 1084 3496; x_wconf 84' lang='lat' dir='ltr'>tollendam.</span> <span class='ocrx_word' id='word_1_281' title='bbox 1114 3435 1144 3494; x_wconf 94' lang='lat' dir='ltr'>ld</span> <span class='ocrx_word' id='word_1_282' title='bbox 1171 3450 1258 3512; x_wconf 89' lang='lat' dir='ltr'>porro</span> <span class='ocrx_word' id='word_1_283' title='bbox 1286 3450 1375 3511; x_wconf 92' lang='lat' dir='ltr'>quum</span> 
     </span>
     <span class='ocr_line' id='line_1_35' title="bbox 309 3513 1373 3595; baseline -0.004 -18"><span class='ocrx_word' id='word_1_284' title='bbox 309 3517 466 3595; x_wconf 76' lang='lat' dir='ltr'>prestitum</span> <span class='ocrx_word' id='word_1_285' title='bbox 488 3533 543 3576; x_wconf 87' lang='lat' dir='ltr'>non</span> <span class='ocrx_word' id='word_1_286' title='bbox 565 3517 610 3589; x_wconf 86' lang='lat' dir='ltr'>sit,</span> <span class='ocrx_word' id='word_1_287' title='bbox 633 3515 819 3593; x_wconf 87' lang='lat' dir='ltr'>perspicuum</span> <span class='ocrx_word' id='word_1_288' title='bbox 842 3515 909 3574; x_wconf 84' lang='lat' dir='ltr'>inde</span> <span class='ocrx_word' id='word_1_289' title='bbox 930 3517 1057 3594; x_wconf 88' lang='lat' dir='ltr'>suppetit</span> <span class='ocrx_word' id='word_1_290' title='bbox 1078 3513 1227 3586; x_wconf 83' lang='lat' dir='ltr'>indicium,</span> <span class='ocrx_word' id='word_1_291' title='bbox 1243 3531 1258 3572; x_wconf 89' lang='lat' dir='ltr'>a</span> <span class='ocrx_word' id='word_1_292' title='bbox 1273 3515 1373 3573; x_wconf 88' lang='lat' dir='ltr'>Domi·</span> 
     </span>
     <span class='ocr_line' id='line_1_36' title="bbox 309 3593 1373 3675; baseline -0.003 -18"><span class='ocrx_word' id='word_1_293' title='bbox 309 3594 388 3669; x_wconf 79' lang='lat' dir='ltr'>tricis,</span> <span class='ocrx_word' id='word_1_294' title='bbox 409 3597 445 3657; x_wconf 92' lang='lat' dir='ltr'>de</span> <span class='ocrx_word' id='word_1_295' title='bbox 467 3596 574 3675; x_wconf 89' lang='lat' dir='ltr'>quibus</span> <span class='ocrx_word' id='word_1_296' title='bbox 595 3613 690 3656; x_wconf 87' lang='lat' dir='ltr'>sermo</span> <span class='ocrx_word' id='word_1_297' title='bbox 712 3604 763 3667; x_wconf 87' lang='lat' dir='ltr'>est,</span> <span class='ocrx_word' id='word_1_298' title='bbox 781 3597 891 3656; x_wconf 90' lang='lat' dir='ltr'>nullum</span> <span class='ocrx_word' id='word_1_299' title='bbox 911 3594 1044 3656; x_wconf 88' lang='lat' dir='ltr'>Oilicium</span> <span class='ocrx_word' id='word_1_300' title='bbox 1059 3593 1167 3673; x_wconf 89' lang='lat' dir='ltr'>duplex</span> <span class='ocrx_word' id='word_1_301' title='bbox 1184 3593 1287 3671; x_wconf 86' lang='lat' dir='ltr'>primae</span> <span class='ocrx_word' id='word_1_302' title='bbox 1302 3594 1373 3654; x_wconf 90' lang='lat' dir='ltr'>clas·</span> 
     </span>
     <span class='ocr_line' id='line_1_37' title="bbox 310 3674 1367 3756; baseline -0.002 -19"><span class='ocrx_word' id='word_1_303' title='bbox 310 3675 347 3737; x_wconf 78' lang='lat' dir='ltr'>tis</span> <span class='ocrx_word' id='word_1_304' title='bbox 367 3677 493 3738; x_wconf 87' lang='lat' dir='ltr'>excludi.</span> <span class='ocrx_word' id='word_1_305' title='bbox 515 3679 615 3756; x_wconf 89' lang='lat' dir='ltr'>Neque</span> <span class='ocrx_word' id='word_1_306' title='bbox 643 3695 712 3736; x_wconf 86' lang='lat' dir='ltr'>vero</span> <span class='ocrx_word' id='word_1_307' title='bbox 748 3675 776 3735; x_wconf 89' lang='lat' dir='ltr'>id</span> <span class='ocrx_word' id='word_1_308' title='bbox 807 3693 920 3749; x_wconf 76' lang='lat' dir='ltr'>urgeas,</span> <span class='ocrx_word' id='word_1_309' title='bbox 944 3675 1098 3736; x_wconf 84' lang='lat' dir='ltr'>Rubricarn</span> <span class='ocrx_word' id='word_1_310' title='bbox 1128 3690 1232 3749; x_wconf 77' lang='lat' dir='ltr'>ncnrpre</span> <span class='ocrx_word' id='word_1_311' title='bbox 1253 3690 1318 3753; x_wconf 85' lang='lat' dir='ltr'>quae</span> <span class='ocrx_word' id='word_1_312' title='bbox 1339 3674 1367 3736; x_wconf 91' lang='lat' dir='ltr'>in</span> 
     </span>
     <span class='ocr_line' id='line_1_38' title="bbox 311 3754 1368 3834; baseline 0.001 -17"><span class='ocrx_word' id='word_1_313' title='bbox 311 3754 422 3818; x_wconf 74' lang='lat' dir='ltr'>labella</span> <span class='ocrx_word' id='word_1_314' title='bbox 454 3759 611 3834; x_wconf 79' lang='lat' dir='ltr'>generatim</span> <span class='ocrx_word' id='word_1_315' title='bbox 638 3756 770 3834; x_wconf 78' lang='lat' dir='ltr'>designat</span> <span class='ocrx_word' id='word_1_316' title='bbox 797 3757 942 3831; x_wconf 83' lang='lat' dir='ltr'>Dupta&#39;eiu</span> <span class='ocrx_word' id='word_1_317' title='bbox 973 3759 984 3814; x_wconf 95' lang='grc'>1</span> <span class='ocrx_word' id='word_1_318' title='bbox 1018 3758 1147 3826; x_wconf 80' lang='lat' dir='ltr'>elassis,</span> <span class='ocrx_word' id='word_1_319' title='bbox 1176 3756 1323 3830; x_wconf 81' lang='lat' dir='ltr'>Duplice&#39;o</span> <span class='ocrx_word' id='word_1_320' title='bbox 1351 3759 1368 3818; x_wconf 69' lang='lat'><strong>2</strong></span> 
     </span>
     <span class='ocr_line' id='line_1_39' title="bbox 310 3832 1375 3914; baseline -0.001 -17"><span class='ocrx_word' id='word_1_321' title='bbox 310 3832 412 3897; x_wconf 75' lang='lat' dir='ltr'>elassis</span> <span class='ocrx_word' id='word_1_322' title='bbox 432 3847 499 3906; x_wconf 80' lang='lat' dir='ltr'>etc,</span> <span class='ocrx_word' id='word_1_323' title='bbox 519 3835 554 3896; x_wconf 89' lang='lat' dir='ltr'>de</span> <span class='ocrx_word' id='word_1_324' title='bbox 575 3840 666 3898; x_wconf 87' lang='lat' dir='ltr'>Festis</span> <span class='ocrx_word' id='word_1_325' title='bbox 689 3847 797 3897; x_wconf 88' lang='lat' dir='ltr'>tantum</span> <span class='ocrx_word' id='word_1_326' title='bbox 814 3854 876 3895; x_wconf 89' lang='lat' dir='ltr'>esse</span> <span class='ocrx_word' id='word_1_327' title='bbox 894 3835 1105 3911; x_wconf 81' lang='lat' dir='ltr'>intelligendam</span> <span class='ocrx_word' id='word_1_328' title='bbox 1122 3853 1186 3914; x_wconf 87' lang='lat' dir='ltr'>quae</span> <span class='ocrx_word' id='word_1_329' title='bbox 1202 3835 1229 3895; x_wconf 91' lang='lat' dir='ltr'>iu</span> <span class='ocrx_word' id='word_1_330' title='bbox 1245 3835 1375 3896; x_wconf 82' lang='lat' dir='ltr'>elenchis</span> 
     </span>
     <span class='ocr_line' id='line_1_40' title="bbox 309 3914 1373 3998; baseline -0.001 -22"><span class='ocrx_word' id='word_1_331' title='bbox 309 3922 369 3979; x_wconf 81' lang='lat' dir='ltr'>note</span> <span class='ocrx_word' id='word_1_332' title='bbox 396 3919 489 3998; x_wconf 88' lang='lat' dir='ltr'>ipsam</span> <span class='ocrx_word' id='word_1_333' title='bbox 512 3916 640 3994; x_wconf 82' lang='lat' dir='ltr'>praelixis</span> <span class='ocrx_word' id='word_1_334' title='bbox 667 3916 809 3995; x_wconf 84' lang='lat' dir='ltr'>descripto</span> <span class='ocrx_word' id='word_1_335' title='bbox 832 3921 907 3975; x_wconf 91' lang='lat' dir='ltr'>sunt.</span> <span class='ocrx_word' id='word_1_336' title='bbox 929 3916 1059 3994; x_wconf 90' lang='lat' dir='ltr'>Namque</span> <span class='ocrx_word' id='word_1_337' title='bbox 1088 3914 1116 3974; x_wconf 92' lang='lat' dir='ltr'>in</span> <span class='ocrx_word' id='word_1_338' title='bbox 1146 3915 1199 3977; x_wconf 87' lang='lat' dir='ltr'>hac</span> <span class='ocrx_word' id='word_1_339' title='bbox 1219 3915 1373 3993; x_wconf 86' lang='lat' dir='ltr'>hypothesi</span> 
     </span>
     <span class='ocr_line' id='line_1_41' title="bbox 309 3994 1373 4077; baseline -0.005 -17"><span class='ocrx_word' id='word_1_340' title='bbox 309 3998 407 4072; x_wconf 74' lang='lat' dir='ltr'>Festa,</span> <span class='ocrx_word' id='word_1_341' title='bbox 428 4014 552 4077; x_wconf 88' lang='lat' dir='ltr'>quorum</span> <span class='ocrx_word' id='word_1_342' title='bbox 576 3996 615 4056; x_wconf 89' lang='lat' dir='ltr'>ibi</span> <span class='ocrx_word' id='word_1_343' title='bbox 638 3996 743 4057; x_wconf 89' lang='lat' dir='ltr'>mentio</span> <span class='ocrx_word' id='word_1_344' title='bbox 765 4015 820 4057; x_wconf 93' lang='lat' dir='ltr'>non</span> <span class='ocrx_word' id='word_1_345' title='bbox 842 3995 894 4068; x_wconf 88' lang='lat' dir='ltr'>fit,</span> <span class='ocrx_word' id='word_1_346' title='bbox 917 3995 993 4055; x_wconf 91' lang='lat' dir='ltr'>nulla</span> <span class='ocrx_word' id='word_1_347' title='bbox 1012 3996 1071 4075; x_wconf 83' lang='lat' dir='ltr'>jam</span> <span class='ocrx_word' id='word_1_348' title='bbox 1093 3995 1286 4057; x_wconf 82' lang='lat' dir='ltr'>Rubrieormn</span> <span class='ocrx_word' id='word_1_349' title='bbox 1311 3994 1373 4075; x_wconf 71' lang='lat' dir='ltr'>lege</span> 
     </span>
    </p>
   </div>
   <div class='ocr_carea' id='block_1_6' title="bbox 309 4074 1371 4157">
    <p class='ocr_par' dir='ltr' id='par_1_8' title="bbox 309 4074 1371 4157">
     <span class='ocr_line' id='line_1_42' title="bbox 309 4074 1371 4157; baseline -0.007 -15"><span class='ocrx_word' id='word_1_350' title='bbox 309 4078 521 4153; x_wconf 79' lang='lat' dir='ltr'>ordinarentur,</span> <span class='ocrx_word' id='word_1_351' title='bbox 542 4075 673 4156; x_wconf 89' lang='lat' dir='ltr'>quinimo</span> <span class='ocrx_word' id='word_1_352' title='bbox 693 4076 837 4153; x_wconf 71' lang='lat' dir='ltr'>{lubricae²</span> <span class='ocrx_word' id='word_1_353' title='bbox 859 4095 875 4138; x_wconf 88' lang='lat' dir='ltr'>e</span> <span class='ocrx_word' id='word_1_354' title='bbox 897 4074 1004 4154; x_wconf 88' lang='lat' dir='ltr'>quibas</span> <span class='ocrx_word' id='word_1_355' title='bbox 1027 4075 1073 4136; x_wconf 92' lang='lat' dir='ltr'>illa</span> <span class='ocrx_word' id='word_1_356' title='bbox 1096 4083 1231 4157; x_wconf 82' lang='lat' dir='ltr'>excerpta</span> <span class='ocrx_word' id='word_1_357' title='bbox 1253 4083 1295 4137; x_wconf 84' lang='lat' dir='ltr'>est</span> <span class='ocrx_word' id='word_1_358' title='bbox 1316 4078 1371 4136; x_wconf 87' lang='lat' dir='ltr'>Ta-</span> 
     </span>
    </p>
   </div>
   <div class='ocr_carea' id='block_1_7' title="bbox 0 0 1746 4875">
    <p class='ocr_par' dir='ltr' id='par_1_9' title="bbox 0 0 1746 4875">
     <span class='ocr_line' id='line_1_43' title="bbox 0 0 1746 4875; baseline 0 0"><span class='ocrx_word' id='word_1_359' title='bbox 0 0 1746 4875; x_wconf 95' lang='lat' dir='ltr'> </span> 
     </span>
    </p>
   </div>
  </div>
 </body>
</html>
