3484 4875
529 518 748 566 annornrrouns
764 520 794 566 m
809 519 900 566 rnsra
914 518 1076 567 uovnnams
1245 497 1308 564 597

327 624 425 708 quoad
449 622 576 702 Forum,
600 629 649 693 vel
671 628 703 693 iu
727 627 856 692 Festum
880 624 994 713 duplex
1010 626 1112 713 majus
1136 632 1191 689 aut
1206 624 1329 691 altioris

327 713 412 790 ritus,
435 714 601 799 reponitur
628 716 678 782 die
704 717 847 802 proxime
868 716 1062 801 insequenti,
1090 732 1160 801 qum
1183 713 1329 779 similiter

327 802 447 868 minime
479 802 678 890 impediatur.
697 805 790 869 liuor.
837 804 913 869 eccl.
936 803 1093 870 1111911
1117 801 1219 876 Conci.
1245 810 1284 867 to.
1310 803 1329 867 5

326 892 385 957 ‚cl
413 892 443 955 d.
469 891 485 955 1
512 914 541 955 c.
566 891 585 956 b
609 902 638 957 et
661 894 722 957 c.7
747 893 776 957 d.
844 916 873 957 c.
900 892 929 957 1.
954 892 1011 957 Ubi
1033 912 1128 978 porro
1153 890 1330 976 expositum

329 987 425 1045 manet
448 977 504 1043 88.
528 978 769 1046 Sacramentum
792 1001 850 1066 pro
874 982 996 1046 alterna
1019 1000 1056 1047 ac
1079 987 1231 1067 perpetua
1255 975 1330 1044 Ora·

332 1066 405 1133 tione
429 1066 481 1131 XL
505 1067 666 1145 horarum,
690 1071 765 1135 licat
788 1070 847 1134 bac
864 1070 914 1134 die
935 1068 1078 1135 Officium
1099 1066 1327 1133 Dolunctorum

326 1158 454 1222 recitare
471 1174 508 1220 ac
524 1156 646 1234 llissas,
662 1178 725 1224 non
741 1159 835 1223 modo
853 1159 1003 1243 privatas,
1020 1157 1075 1223 sed
1092 1166 1124 1221 et
1139 1156 1330 1231 Solemnem,

326 1237 359 1308 de
381 1244 501 1330 Requie
524 1246 687 1311 celebrare
711 1245 800 1334 (illac
817 1247 900 1311 enim
922 1246 1051 1332 hujusce
1076 1244 1137 1310 diei
1161 1252 1235 1309 suut
1257 1264 1329 1328 pro-

327 1332 430 1420 oriae),
453 1351 516 1397 non
542 1342 646 1400 tamen
669 1334 838 1400 additare
862 1335 1084 1420 expositionis;
1109 1340 1203 1418 atque
1219 1334 1251 1397 in
1267 1333 1331 1398 illis

327 1419 464 1486 tdbibori
488 1430 609 1505 queunt
631 1433 816 1508 paramenta
839 1423 989 1488 violacea.
1013 1423 1043 1488 S.
1061 1423 1097 1487 lt.
1125 1421 1155 1487 0.
1181 1421 1222 1486 16
1245 1421 1329 1509 Sept.

327 1505 404 1575 1801
425 1510 455 1574 in
472 1530 534 1574 coc
550 1510 700 1576 Romano.
717 1514 864 1577 Attamen
883 1510 1054 1576 Gardellini
1072 1510 1088 1596 (
1096 1511 1127 1574 io
1142 1508 1214 1575 lost.
1235 1508 1329 1575 Clem.

327 1591 340 1678 i
367 1599 407 1663 17
418 1598 434 1684 )
459 1607 567 1663 censet
590 1601 702 1665 melius
725 1620 804 1677 esse,
830 1608 863 1666 ut
881 1600 1145 1665 Commemoratio
1163 1596 1330 1663 Defuncto·

328 1703 392 1752 ‘um
410 1685 621 1753 transferatur
638 1688 676 1753 ad
693 1690 826 1775 primam
845 1689 929 1754 diem
947 1709 1008 1754 non
1025 1687 1219 1773 impeditam,
1234 1706 1328 1839 eptam

327 1779 352 1837 tt
377 1774 489 1840 festiva
513 1783 545 1840 et
567 1775 711 1842 funebria
734 1779 828 1843 simul
852 1779 1055 1843 misceantur.
1079 1812 1123 1824 —
1145 1774 1210 1841 Hac
1263 1795 1329 1840 om·

327 1864 573 1929 nemorationis·
586 1865 635 1930 dic
655 1867 687 1930 in
704 1865 956 1942 Catbedralibus,
981 1865 1175 1949 CollegiatiS,
1199 1864 1331 1949 aliisque

327 1944 470 2017 icolesiis
488 1952 590 2019 Cboro
608 1954 769 2020 obstrictis
786 1954 867 2020 bium
887 1956 988 2019 llissae
1005 1952 1233 2019 Conventuales
1256 1962 1330 2018 suut

328 2039 528 2116 celebrandae,
552 2042 652 2108 altera
676 2043 715 2108 de
738 2044 788 2109 die
811 2042 893 2107 infra
917 2041 1068 2108 Octavam
1088 2050 1159 2127 post
1182 2040 1326 2106 Tertiam

328 2130 398 2193 nisi
411 2128 538 2194 Festum
553 2131 680 2216 aliquod
694 2141 816 2215 agatur,
829 2130 1096 2216 quemadmodum
1110 2149 1181 2193 mox
1195 2128 1328 2203 diectnr;

328 2230 386 2282 um
410 2218 527 2304 quippe
551 2218 618 2304 ejus
641 2220 735 2285 llissa
751 2219 884 2305 legenda
909 2217 985 2305 est),
1010 2219 1110 2283 altera
1128 2216 1166 2282 dc
1182 2216 1328 2301 Reqoiem

328 2314 392 2371 =ost
422 2305 553 2372 Nonam.
585 2308 659 2372 llum
687 2318 792 2374 autem
820 2309 968 2373 dicuntur
994 2307 1119 2383 llissm,
1147 2324 1209 2369 non
1239 2306 1330 2371 unica

328 2404 442 2461 autum
465 2403 500 2461 ut
523 2395 589 2461 fiori
614 2398 732 2463 assolet
754 2398 785 2464 in
810 2396 910 2463 Feriis
931 2405 963 2462 et
985 2396 1107 2481 Vigiliis
1131 2392 1211 2459 infra
1236 2390 1329 2460 flota-

332 2499 390 2550 am
415 2505 476 2549 non
502 2486 731 2570 privilegiatam
755 2485 987 2562 incidentibus,
1023 2486 1095 2571 quia
1123 2483 1274 2548 nimirum
1297 2484 1329 2549 in

329 2566 414 2638 lissa
439 2572 477 2638 de
500 2573 647 2660 Repetam
670 2575 963 2641 commemorationi
988 2574 1025 2639 do
1049 2574 1099 2639 die
1130 2569 1211 2636 infra
1239 2570 1330 2637 Octa·

328 2673 392 2728 'am
416 2663 506 2727 locus
531 2662 643 2728 adesse
666 2665 784 2749 nequit.

361 2750 400 2815 ll.
425 2749 457 2814 Si
484 2750 534 2814 die
557 2750 873 2818 commemorationis
897 2749 1120 2816 Dolunctorum
1145 2747 1261 2813 alicubi
1282 2767 1333 2813 ue·

329 2845 429 2904 urrat
451 2838 579 2905 Festum
604 2841 719 2927 duplex
744 2843 858 2918 minus,
883 2840 967 2927 quod
984 2840 1025 2905 ibi
1042 2841 1201 2905 recolatur
1218 2856 1332 2922 magna

329 2928 427 3014 oputi
452 2929 673 3006 veneratione,
697 2931 896 2996 solemnitate
931 2937 962 2995 et
996 2948 1173 3003 concursu,
1204 2935 1333 3014 oportet

329 3017 636 3172 ltmdttlttt
649 3019 707 3171 li*
723 3017 889 3172 ltltt
910 3014 1330 3173 ttttttltlltbbl·

329 3196 401 3259 :iem
427 3193 694 3261 'lransferendum
719 3216 814 3281 porro
839 3205 889 3261 est
912 3204 1064 3281 perpetuo
1082 3195 1112 3259 in
1130 3194 1211 3259 diem
1229 3193 1334 3278 proxi-

329 3302 405 3349 nam
428 3301 491 3347 non
515 3283 698 3370 impeditam
722 3293 796 3371 post
820 3284 903 3350 diem
929 3285 1075 3358 tertiam,
1099 3282 1125 3347 si
1149 3281 1267 3346 incidat
1301 3281 1333 3344 in

330 3369 406 3438 lieni
441 3372 613 3438 secundam
648 3373 854 3447 Novembris;
891 3373 918 3439 si
952 3391 1025 3436 vcro
1053 3369 1172 3435 incidat
1194 3370 1225 3434 in
1249 3368 1333 3432 diem

331 3461 458 3535 ertiam,
484 3468 550 3525 tum
573 3464 676 3528 solum
700 3460 892 3527 transfertur
916 3480 987 3525 eum
1012 3460 1061 3524 die
1078 3458 1136 3523 bac
1152 3455 1333 3544 peragenda

330 3558 370 3614 cst
395 3548 546 3634 praedicta
571 3550 846 3616 Commemoratio.
872 3548 904 3614 Si
933 3547 1196 3613 Commemoratio
1222 3543 1334 3609 isthaec

330 3637 491 3724 {uotannis
514 3638 661 3705 inciderit
695 3640 726 3703 in
755 3638 836 3703 diem
861 3636 1011 3703 Octavam
1036 3634 1248 3701 bedicationis
1273 3631 1330 3697 llo-

330 3727 436 3801 lesiae,
453 3726 491 3792 de
508 3726 557 3792 die
573 3727 633 3794 bac
649 3726 791 3795 Officium
809 3727 869 3792 erit
886 3725 1128 3811 persolvendum
1152 3742 1223 3788 cum
1248 3740 1333 3787 oom-

330 3816 551 3883 nemoratione
575 3817 637 3882 diei
661 3814 741 3882 infra
765 3813 916 3881 Octavam
951 3814 1090 3879 omnium
1120 3810 1330 3886 Sanctorum

334 3907 375 3974 ed
400 3904 505 3970 Missae
529 3925 661 3983 omnes,
695 3913 826 3990 excepta
850 3903 1052 3970 Conventnali
1077 3901 1115 3967 de
1143 3900 1193 3966 die
1216 3899 1334 3967 Octava

331 4017 392 4064 u¹1¹
428 3994 570 4060 omnium
604 3995 794 4061 Sanctorum
829 3992 1141 4068 commemoratione,
1175 3996 1269 4057 erunt
1295 3987 1335 4054 de

331 4084 482 4174 lequiem.
507 4086 548 4152 At
571 4086 695 4170 quoties
719 4083 785 4151 dies
808 4082 864 4149 illa
888 4080 1006 4151 Octava
1029 4079 1174 4149 recurrat
1208 4079 1239 4146 in
1273 4073 1334 4142 bo-
