3484 4875
420 470 486 537 474
736 464 827 533 runai
842 486 943 532 neuun
957 483 1139 533 4441444444

443 596 464 661 2
489 593 557 661 111.ο
581 592 664 675 Quid
695 592 856 678 agendum
888 594 916 659 si
940 594 1008 658 dies
1032 592 1153 659 Octava
1182 599 1341 658 occurrat
1364 591 1393 657 in
1412 590 1459 655 llo·

445 684 564 750 4414144
587 683 811 772 privilegiata,
835 682 1013 748 44441414
1036 681 1111 746 Deo.
1135 701 1167 745 n.
1191 680 1222 745 11
1247 687 1280 745 41
1307 681 1349 745 15
1379 678 1459 766 ejusd.

444 773 565 837 mensis
587 792 618 837 n.
635 770 674 835 11.
699 770 782 849 Quid
798 771 826 834 si
849 769 969 836 Octava
992 769 1196 856 privilegiata
1219 767 1347 834 incidat
1369 768 1399 833 in
1418 767 1462 831 llo

444 861 596 925 minicam
621 878 710 944 aeque
734 858 980 943 privilegiatam,
1005 864 1113 923 annot.
1131 858 1163 921 in
1187 857 1282 922 Dom.
1309 856 1462 941 Septuage·

444 948 536 1012 simae
559 968 590 1012 n.
616 948 646 1011 5.
671 944 757 1011 Infra
782 945 935 1013 Octavam
959 956 991 1012 et
1015 946 1066 1011 die
1090 944 1210 1010 Octava
1235 944 1402 1030 impedita,
1415 964 1463 1008 nou

445 1036 564 1118 legitur
588 1054 673 1100 nona
695 1034 804 1100 Lectio
829 1036 868 1100 dc
892 1055 951 1110 ea,
975 1035 1050 1100 11441
1074 1032 1192 1098 babeat
1216 1033 1425 1115 Evangelinm
1443 1038 1465 1094 ct

445 1121 618 1188 Homiliam
636 1123 779 1208 propria,
797 1123 906 1189 adnot.
923 1122 966 1188 49
991 1123 1063 1188 144.
1089 1122 1182 1187 4111
1205 1128 1240 1185 41
1256 1121 1277 1186 t
1295 1120 1384 1185 tulii.
1401 1118 1466 1197 Quid

445 1211 473 1275 si
499 1209 703 1275 4144041444
728 1220 879 1277 occurrat
903 1212 935 1275 in
957 1210 1054 1276 Festo
1079 1210 1154 1295 dup.
1172 1209 1293 1295 majori
1316 1209 1357 1274 44
1373 1207 1466 1272 eodcn

397 1339 400 1345 -
445 1297 576 1374 Sancto,
593 1318 664 1384 pag.
682 1298 725 1364 44
750 1300 782 1364 14
806 1309 892 1365 nota.
914 1299 988 1364 Dies
1012 1297 1131 1384 Octava
1157 1298 1279 1381 quaein
1298 1314 1468 1361 annocon·

445 1387 534 1450 muni
551 1385 665 1452 incidit
688 1388 721 1450 in
746 1388 884 1472 primam
908 1387 1024 1460 biartii,
1044 1388 1075 1451 in
1100 1385 1261 1450 bissextili
1285 1384 1412 1469 agenda
1431 1390 1469 1446 est

446 1471 496 1537 die
519 1475 561 1540 49
586 1473 764 1549 Februarii,
789 1475 898 1541 adnot.
923 1475 966 1539 bb
990 1474 1083 1539 Febr.
1109 1494 1139 1538 n.
1165 1472 1219 1538 111.

401 1558 551 1627 October.
569 1561 638 1640 Qua
663 1562 702 1627 dc
726 1563 871 1628 4444414
892 1583 929 1627 eo
953 1563 1103 1646 legantur
1119 1561 1194 1625 libri
1211 1559 1469 1631 biarbabaeorun,

445 1668 519 1733 pag.
547 1649 607 1714 491
634 1650 666 1713 14
690 1658 777 1714 4414.

401 1733 510 1800 (illicia
542 1735 583 1801 44
612 1737 739 1802 libitum
770 1756 833 1822 quo
864 1737 915 1801 dic
945 1737 1159 1811 celebranda,
1190 1755 1219 1800 4.
1246 1736 1269 1801 4
1300 1757 1335 1801 n.
1362 1736 1411 1802 15.
1432 1733 1470 1798 14

447 1822 708 1899 transferantur,
732 1826 759 1889 si
784 1826 1011 1909 impediantur,
1034 1825 1111 1889 ibid.
1137 1823 1261 1902 Quibus
1287 1824 1403 1889 diebus
1423 1823 1470 1886 im·

447 1909 630 1996 pediuntur,
654 1912 731 1976 ibid.
749 1912 830 1991 Quid
853 1913 1013 1996 agendum
1036 1914 1064 1978 si
1088 1913 1138 1976 die
1163 1909 1268 1975 0111411
1293 1912 1337 1976 44
1361 1912 1472 1976 libitnn

446 1997 575 2063 adesset
588 2000 780 2064 translatum
793 2001 924 2085 aliquod
940 2000 1159 2086 reponendum
1177 2007 1209 2064 et
1227 2001 1329 2064 simul
1343 1998 1473 2065 Olliciuvo

446 2086 625 2172 cujuspiam
649 2087 824 2152 Dominicae
848 2088 1100 2174 anticipandum,
1117 2087 1193 2152 ibid.
1212 2089 1263 2152 An
1287 2088 1362 2153 11441
1385 2086 1473 2172 possit

447 2172 595 2240 Officium
629 2175 670 2239 44
695 2176 820 2240 libitum
852 2177 879 2240 si
909 2177 1057 2242 omnibus
1088 2176 1259 2241 translatis
1290 2172 1473 2261 reponendis

446 2282 510 2328 non
541 2271 708 2329 remancat
730 2264 762 2328 in
787 2264 981 2329 Kalendario
1014 2267 1126 2340 locus,
1158 2263 1237 2327 ibid.
1264 2263 1317 2328 dn
1342 2262 1473 2329 01144144]

446 2359 603 2436 perpetuo
628 2349 889 2416 transferendum
918 2353 1032 2439 reponi
1062 2358 1158 2436 queat
1181 2349 1234 2415 414
1259 2358 1420 2437 occupata
1440 2348 1472 2413 ab

446 2436 557 2504 014414
582 2439 620 2505 44
646 2440 784 2515 libitum,
808 2440 885 2505 ibid.
907 2441 967 2515 dn,
991 2442 1018 2505 si
1042 2439 1186 2506 Officium
1212 2440 1256 2505 ad
1282 2441 1412 2506 libitum
1431 2457 1472 2502 nc·

446 2529 587 2592 cessario
611 2530 661 2592 441
685 2537 799 2612 sponte
823 2530 1002 2605 omittatur,
1018 2528 1087 2594 sveri
1110 2525 1227 2593 debeat
1251 2530 1305 2594 441
1331 2530 1429 2615 possit
1443 2524 1472 2589 de

448 2633 485 2678 eo
511 2617 786 2692 commemoratio,
810 2616 887 2680 ibid.

402 2698 513 2766 0111414
544 2703 647 2768 adfixa
671 2702 772 2768 Feriis
804 2711 837 2768 41
868 2704 1043 2769 Dominicis
1074 2702 1283 2787 quandonam
1320 2698 1471 2771 transferri

447 2800 594 2872 possunt,
612 2812 639 2856 4.
657 2790 678 2855 4
694 2813 726 2855 n.
745 2793 796 2856 14.
821 2792 857 2856 14
882 2812 978 2876 quarn
1003 2792 1087 2857 diem
1103 2801 1178 2856 44441
1194 2801 1362 2880 perpetuo
1387 2800 1471 2857 trans·

450 2875 593 2953 1444444,
617 2899 690 2964 pag.
716 2880 753 2945 61
783 2881 814 2944 14
838 2888 925 2944 nota.

403 2959 515 3029 Officia
538 2967 643 3030 votiva
668 2968 768 3033 semel
792 2969 842 3032 441
866 2968 987 3053 pluries
1011 2969 1043 3032 in
1067 2967 1279 3033 Hebdomada
1306 2970 1360 3034 vel
1383 2967 1473 3032 114444

448 3071 602 3118 44444444
626 3075 689 3118 444
716 3053 977 3129 1444414444144,
1005 3076 1032 3120 c.
1058 3056 1077 3119 3
1101 3077 1132 3119 n.
1159 3056 1188 3121 5.
1214 3056 1291 3121 11144
1318 3051 1472 3141 impediti,

446 3139 524 3204 ibid.
549 3162 580 3206 n.
605 3143 636 3206 4.
662 3140 828 3219 Quomodo
853 3142 1040 3220 recitanda,
1068 3143 1144 3208 ibid.
1171 3165 1201 3208 n.
1229 3145 1260 3208 5.
1285 3144 1325 3208 In
1351 3145 1473 3208 1414444

448 3229 629 3295 attenditur
652 3231 731 3295 ordo
755 3231 932 3316 dignitatis,
957 3230 1033 3296 ibid.
1058 3251 1088 3296 n.
1111 3231 1141 3297 2.
1166 3231 1201 3296 ln
1227 3231 1330 3296 biissa
1354 3251 1416 3296 non
1435 3246 1473 3290 rc·

446 3320 565 3382 citatur
591 3318 700 3394 Credo,
723 3318 801 3384 ibid.
825 3341 855 3384 n.
880 3321 909 3384 5.
936 3318 1016 3397 Quid
1041 3318 1263 3404 praestandum
1287 3321 1318 3383 si
1344 3316 1474 3384 Officium

444 3406 587 3471 votivum
604 3416 777 3472 concurrat
800 3428 872 3472 oum
896 3408 999 3493 prima
1023 3406 1189 3471 [lominica
1212 3406 1394 3481 Adventus,
1410 3402 1473 3468 ibid.

402 3487 549 3559 Officium
573 3494 731 3559 Divinum.
756 3496 803 3559 Au
836 3515 874 3559 ex
899 3495 1128 3560 consuetudine
1160 3495 1296 3558 recitari
1330 3494 1430 3580 possit
1449 3497 1474 3552 et

446 3580 572 3657 debeat,
597 3582 668 3646 4144
695 3582 1063 3648 0444441444011441444
1088 3603 1125 3647 cx
1149 3581 1313 3648 oblivione
1332 3584 1475 3648 omissum

446 3688 510 3732 non
535 3677 643 3754 potest
665 3670 733 3734 lieri
757 3671 820 3735 alia
845 3671 907 3746 414,
925 3679 990 3737 not.
1010 3671 1049 3736 de
1072 3670 1268 3735 Kalendario
1294 3671 1389 3735 Rom.
1407 3665 1474 3734 41.

448 3753 616 3832 Quodnam
647 3756 793 3822 Officium
823 3759 954 3824 recitari
986 3759 1104 3824 debent
1131 3759 1185 3843 qui
1215 3766 1310 3824 extra
1335 3758 1476 3827 Patriam,

446 3841 616 3909 llioecesim
638 3846 687 3910 441
705 3845 852 3912 Claustra
876 3855 1056 3922 versantur,
1074 3868 1101 3910 c.
1115 3848 1139 3910 4
1157 3867 1188 3911 4.
1207 3845 1228 3910 6
1252 3854 1286 3911 41
1309 3867 1400 3932 seqq.
1416 3843 1476 3922 Quo

446 3929 498 3995 die
521 3950 639 3997 novum
663 3932 810 3999 Ollicinm
834 3942 884 3999 est
908 3933 1148 4008 celebrandum,
1172 3954 1200 3998 c.
1226 3934 1249 3999 4
1274 3955 1306 4001 4.
1335 3937 1386 4001 to.
1405 3928 1478 4010 Quid

444 4019 472 4084 41
495 4037 555 4104 pro
572 4019 635 4086 4114
652 4020 703 4088 414
726 4022 917 4088 extendatur
941 4022 982 4089 ad
1007 4029 1107 4087 totam
1132 4021 1317 4088 Ecclesiam
1334 4024 1385 4090 vei
1406 4020 1477 4087 1114·
