3484 4875
420 477 462 543 lo
781 494 875 541 error
892 494 912 539 1.
929 494 967 539 nn
983 494 1085 539 orons

392 600 421 665 si
455 599 495 665 ab
532 599 593 666 hoo
625 598 675 664 die
705 599 860 665 inclusive
893 599 1043 666 deorsum
1076 606 1284 665 numerentur
1317 598 1359 665 11
1398 594 1464 667 dies

393 687 591 753 inveniemus
615 686 685 752 xlv
708 688 831 754 Lunam
855 686 906 751 die
930 689 946 752 l
974 688 1103 772 Aprllis,
1127 707 1197 772 quae
1221 696 1271 753 εει
1287 687 1464 764 flaminino,

391 782 564 861 propterea
585 776 670 861 quod
693 795 711 840 ε
734 776 864 859 regione
888 775 974 840 illius
999 776 1041 839 sit
1065 775 1171 840 littera
1195 774 1405 840 Dominicalis
1429 775 1463 842 o,

325 884 332 896 ·
391 862 438 927 Ne
454 864 553 946 igitur
568 882 642 928 oum
664 862 783 928 Judaeis
808 864 1045 937 conveniamus,
1070 864 1124 948 qui
1149 863 1272 927 Pascha
1297 863 1465 929 celebrant

392 948 444 1015 die
467 950 537 1014 XlV
560 950 679 1027 Lunae,
703 950 859 1015 sumenda
883 958 932 1014 est
954 951 1061 1015 littera
1087 950 1294 1016 [lominicalis
1319 950 1366 1025 G,
1394 971 1465 1035 qnae

391 1038 538 1123 sequitur
561 1038 632 1103 lllV
654 1038 788 1113 Lunam,
810 1057 945 1123 qumque
962 1058 979 1102 e
996 1039 1126 1120 regione
1143 1037 1205 1103 diei
1223 1039 1241 1103 8
1260 1039 1381 1123 Aprilis
1400 1040 1463 1104 ool-

390 1125 533 1200 looatur3
558 1135 654 1211 atque
678 1147 715 1191 eo
739 1146 822 1190 anno
846 1124 969 1189 Pascha
994 1125 1222 1191 celebrandum
1238 1125 1298 1190 luit
1315 1125 1366 1190 die
1385 1126 1404 1189 8
1422 1127 1463 1190 A·

391 1213 494 1296 prilis.
519 1213 600 1279 Item
624 1234 706 1279 anno
731 1213 816 1278 1791
840 1211 960 1297 Epaota
984 1209 1045 1278 luit
1067 1211 1118 1286 Vl,
1143 1222 1175 1278 et
1203 1213 1320 1297 duplex
1354 1214 1464 1278 littera

389 1298 597 1367 Domiuiealis
615 1301 651 1376 A,
664 1301 700 1376 G,
717 1320 791 1365 eum
807 1319 910 1366 annus
926 1301 981 1366 ille
998 1298 1094 1365 luerit
1110 1300 1299 1365 Bissextilis.
1314 1299 1348 1365 Si
1365 1302 1466 1383 igitur

390 1387 431 1452 ab
454 1388 575 1474 Epaeta
598 1387 649 1463 Vl,
673 1409 745 1476 quae
768 1409 786 1453 e
809 1388 941 1470 regione
958 1387 1021 1452 diei
1043 1388 1085 1453 15
1109 1388 1215 1471 Martii
1226 1390 1362 1473 ponitur
1379 1388 1465 1453 inter

390 1473 475 1540 diem
499 1477 518 1541 8
542 1476 647 1541 Martii
670 1484 703 1541 et
726 1478 744 1541 5
769 1476 900 1559 Aprilis,
925 1476 1078 1541 inclusive
1095 1483 1305 1541 numerentur
1322 1476 1391 1541 dies
1411 1477 1464 1552 11,

388 1563 502 1628 incidit
524 1563 594 1630 xlv
617 1563 706 1630 Luna
729 1565 762 1628 in
779 1563 863 1638 diem
882 1564 900 1626 7
918 1564 1051 1649 Aprilis.
1072 1563 1203 1647 litquia
1219 1573 1295 1629 tuno
1320 1567 1465 1630 occurrit

389 1652 549 1735 posterior
572 1653 680 1718 littera
703 1652 922 1727 Dominioalis‚
947 1671 1062 1738 nempe
1085 1650 1121 1726 G,
1146 1672 1216 1736 qua
1240 1660 1314 1737 post
1338 1652 1463 1717 diem?

388 1737 532 1823 Aprilis,
556 1739 640 1805 idest
662 1748 736 1826 post
757 1740 828 1805 XlV
851 1740 996 1815 Lunam,
1033 1740 1191 1841 oolloeapa
1215 1749 1265 1805 εει
1288 1760 1305 1805 ε
1328 1741 1463 1823 regione

388 1829 552 1911 sequentis
576 1828 639 1892 diei
674 1829 693 1893 8
728 1828 870 1912 Aprilis,
907 1829 1064 1894 celebrari
1098 1836 1221 1914 pariter
1250 1848 1288 1892 eo
1317 1848 1402 1892 anno
1433 1849 1465 1893 o-

388 1916 511 2000 portuit
532 1916 656 1981 Pascha
679 1916 729 1980 die
752 1916 771 1980 8
796 1915 926 1999 Aprilis.
1387 1996 1392 2006 ‚

456 2003 508 2066 17.
527 2003 674 2068 Ceterum
692 2024 754 2089 quo
771 2002 896 2068 laoilius
914 2006 1019 2068 omnia
1040 2002 1135 2068 Festa
1152 2003 1282 2068 mobilia
1299 2004 1464 2069 invenian-

388 2094 453 2163 tur,
477 2092 654 2175 composita
677 2099 728 2155 est
750 2109 888 2175 sequens
911 2091 1043 2156 labella
1078 2091 1254 2157 Paschalis.
1290 2090 1325 2155 ln
1361 2092 1466 2158 latere

388 2175 518 2242 sinistro
550 2178 691 2243 Tabellae
724 2179 901 2263 accipiatur
924 2176 1044 2264 Epaota
1067 2198 1199 2243 eurrens
1234 2177 1390 2264 (inventa
1418 2182 1466 2246 uti

386 2280 485 2349 supra
502 2267 663 2331 innuimus
678 2287 710 2331 n.
729 2266 771 2351 5),
796 2275 828 2330 ει
851 2266 884 2329 in
907 2266 990 2330 linea
1015 2266 1197 2331 litterarum
1213 2265 1465 2332 Dominicalium

377 2361 535 2419 sumatur
561 2355 670 2420 littera
696 2353 904 2419 Dominicalis
921 2373 1054 2419 ourrens
1071 2352 1210 2441 (inventa
1226 2355 1348 2439 pariter
1365 2354 1464 2420 modo

386 2442 545 2525 explicato
562 2464 593 2508 n.
611 2443 654 2529 8),
677 2441 761 2509 inira
786 2451 893 2508 tamen
916 2442 1071 2527 Epaetam
1095 2450 1288 2517 currentem,
1312 2444 1357 2508 ita
1381 2452 1419 2508 ut
1436 2446 1464 2509 si

387 2527 496 2596 littera
518 2531 725 2597 Dominioalis
755 2531 936 2616 reperiatur
966 2550 1004 2594 ex
1034 2528 1167 2595 adverso
1196 2529 1346 2615 llpaetae‚
1370 2549 1464 2597 assu·

387 2617 504 2682 menda
520 2621 563 2685 sit
578 2619 690 2693 eadem
706 2619 815 2684 littera
830 2618 1038 2682 Dominicalis
1055 2617 1198 2702 proxime
1221 2615 1363 2682 inferior.
1380 2617 1465 2684 Nam

386 2721 404 2766 ε
428 2706 559 2787 regione
582 2706 677 2790 hujus
700 2706 817 2770 litterae
841 2704 1048 2769 Dominicalis
1073 2706 1179 2769 omnia
1203 2703 1297 2770 Festa
1328 2705 1464 2771 mobilia

386 2793 600 2857 eontinentur.
624 2793 825 2876 llremplum.
848 2792 912 2857 Pro
943 2812 1026 2856 anno
1051 2793 1136 2858 l788
1162 2790 1281 2877 Epaota
1305 2800 1355 2857 εει
1378 2793 1404 2868 *,
1431 2803 1465 2859 ει

384 2875 495 2943 littera
517 2878 723 2945 Dominioalis
746 2881 782 2944 A.
808 2879 842 2945 Si
865 2879 963 2962 igitur
979 2881 1010 2944 in
1027 2879 1159 2945 labella
1182 2889 1328 2947 sumatur
1352 2881 1465 2948 littera

385 2962 593 3033 Dominiealis
617 2968 654 3042 A,
678 2987 749 3052 quae
773 2969 877 3052 primo
901 2966 984 3033 infra
1001 2967 1154 3053 llpaotam
1171 2968 1185 2996 *
1202 2969 1353 3043 occurrit,
1370 2988 1464 3054 repe·

386 3051 489 3118 rietur
512 3075 530 3120 e
552 3056 683 3138 regione
706 3054 800 3141 hujus
824 3057 941 3120 littera
958 3055 1123 3120 llominiea
1140 3055 1392 3140 Septuagesimae
1411 3057 1465 3122 die

388 3139 431 3206 11
455 3141 560 3217 Febr,
585 3142 652 3208 dies
675 3141 824 3208 Cinerum
848 3145 864 3208 l
891 3143 995 3219 utare,
1018 3143 1140 3208 Pasolra
1166 3143 1207 3208 16
1232 3144 1320 3229 Apr,
1345 3143 1466 3209 Asoon·

390 3228 438 3293 sio
462 3229 504 3294 15
528 3230 612 3315 llaji,
629 3232 836 3297 Pentecostes
851 3231 874 3296 1
890 3230 962 3296 Jnn.
979 3239 1011 3296 et
1027 3230 1157 3296 Festum
1174 3230 1325 3316 Corporis
1341 3229 1465 3297 Christi

388 3315 430 3382 l5
453 3316 550 3383 lunii.
575 3318 749 3383 [lominioae
773 3327 880 3385 autem
895 3319 980 3385 inter
997 3319 1206 3384 Pentecosten
1231 3328 1264 3383 et
1279 3319 1463 3385 Adventum

388 3423 426 3470 eo
451 3424 533 3472 anno
549 3405 679 3472 luerunt
694 3407 748 3482 15,
765 3416 797 3471 ει
813 3406 975 3472 Adventus
991 3406 1104 3471 incidit
1119 3407 1152 3471 in
1176 3407 1261 3472 diem
1285 3406 1303 3469 5
1328 3405 1462 3472 Decem-

388 3490 465 3558 bris.
490 3493 530 3558 llt
545 3495 592 3559 sio
609 3495 649 3560 de
666 3494 792 3560 ueteris.
810 3493 890 3560 ltem
908 3514 966 3579 pro
984 3514 1066 3560 anno
1085 3495 1170 3560 l788
1189 3494 1309 3579 Epaota
1325 3502 1375 3558 est
1390 3494 1463 3569 Xll,

389 3587 421 3644 et
444 3581 551 3647 littera
575 3581 781 3647 Dominioalis
805 3580 852 3657 G,
878 3602 948 3667 qum
972 3583 1003 3646 in
1028 3581 1159 3647 'labella
1176 3583 1337 3667 reperitur
1353 3600 1391 3645 ex
1409 3583 1464 3647 ad·

388 3687 482 3733 verso
506 3669 635 3754 llpaotae
658 3668 726 3734 llll.
744 3667 849 3747 Quare
873 3670 1029 3734 sumenda
1053 3678 1103 3734 est
1126 3670 1188 3734 alia
1212 3671 1320 3734 littera
1342 3668 1368 3733 G
1391 3689 1465 3754 qum

389 3756 533 3839 proxime
549 3755 631 3822 inira
647 3756 802 3842 Epaotam
824 3757 996 3833 invenitur,
1013 3777 1030 3822 ε
1047 3756 1138 3841 eujus
1155 3757 1285 3840 regione
1303 3758 1463 3842 comperis

389 3842 667 3928 Septuagesimam
692 3843 744 3909 die
766 3844 789 3909 1
811 3843 917 3920 reor,
942 3843 1026 3910 diem
1050 3843 1199 3910 Cinerum
1223 3844 1262 3908 11
1283 3843 1388 3920 Febr,
1407 3844 1465 3909 Pa·

391 3931 469 3995 solva
493 3932 512 3997 8
536 3933 625 4017 Apr.,
650 3939 710 3997 eto.
727 3931 909 3998 Notandum
945 3952 1042 4016 porro
1065 3939 1125 4008 est,
1150 3931 1236 4017 quod
1259 3931 1466 4015 quaemadmo-

393 4016 469 4085 dum
493 4020 525 4086 in
548 4039 632 4085 anno
656 4019 840 4095 communi,
868 4018 1003 4086 vadente
1027 4020 1136 4087 littera
1158 4018 1349 4087 Dominioali
1372 4038 1390 4084 e
1412 4039 1463 4088 re·
