3484 4875
493 486 667 535 amuranus
682 488 701 534 a
716 488 904 535 aunrrcosru
921 488 960 535 an
976 488 1132 536 nnvauruu
1215 495 1220 502 ·
1261 471 1324 539 515

279 594 374 661 citur.
391 592 488 660 liubr.
512 595 557 661 tit.
575 596 617 663 la
640 619 670 661 a.
687 596 718 662 B.
742 596 790 662 Ah
812 594 930 663 Octava
952 597 1158 685 Pentecostes
1181 617 1281 684 usque
1305 600 1345 665 ad

277 682 481 759 Adventum,
513 685 573 749 nisi
606 684 721 771 duplex
744 685 864 751 incidat
895 688 944 751 vel
969 686 1035 752 dics
1066 685 1148 754 inlra
1172 685 1344 765 Octavam,

277 769 649 927 {islillltrtlrtrlongollasglgi
659 772 1219 951 qlcdojcllnp‘iglilclclsrcrlbc'lltrratuilleAltlcullcccluirf
1241 775 1278 927 ll)
1291 776 1349 931 ’1151

278 958 309 1013 ct
330 948 389 1013 IV.
408 947 441 1012 Si
464 948 496 1014 in
519 948 683 1016 llonainica
705 945 857 1035 vigesima
881 952 1020 1017 secunda
1043 959 1116 1037 post
1136 951 1346 1021 Pentecosten

279 1035 428 1102 addenda
451 1047 500 1102 est
522 1037 663 1104 Col'lecta
686 1038 768 1104 Deus
792 1040 970 1126 resupinus,
994 1041 1024 1104 in
1050 1040 1117 1125 ejus
1141 1040 1246 1107 locum
1271 1042 1344 1107 snb·

276 1133 414 1211 rogatur
436 1125 504 1191 haeo
536 1129 638 1193 altera
659 1126 706 1194 Ne
737 1128 887 1216 despicias
914 1149 945 1193 n.
972 1120 1012 1193 ld
1045 1129 1241 1213 consignata.
1265 1129 1345 1196 Item

278 1215 307 1281 si
330 1214 365 1279 in
388 1212 551 1280 Dominica
580 1216 731 1300 vigesima
755 1217 849 1282 tertia
877 1217 995 1301 legitur
1018 1217 1158 1283 Collecta
1179 1217 1346 1294 Ecclesia,

279 1322 341 1391 pro
372 1302 465 1368 istius
496 1303 795 1371 postcommunione
826 1305 1030 1371 substituitur
1054 1306 1214 1372 Protector
1243 1316 1346 1372 noster

279 1412 319 1458 ex
341 1411 476 1457 numero
501 1391 553 1457 11.

337 1660 372 1739 (·)
392 1664 452 1723 lloc
471 1661 535 1722 loco
548 1665 704 1722 Decretum
725 1660 801 1721 istud
817 1661 977 1743 subjicitur,
991 1671 1143 1741 propterea
1158 1661 1236 1742 quod
1255 1655 1347 1741 ipsius

276 1741 380 1803 notitia
400 1740 436 1800 ad
457 1759 509 1801 nos
524 1740 641 1802 minime
663 1740 754 1801 luerit
775 1749 840 1801 ante
861 1743 978 1822 perlato.
1006 1766 1018 1796 s
1041 1742 1116 1804 Dub.
1133 1748 1153 1805 Ι.
1169 1748 1199 1804 ln
1214 1744 1348 1804 Oratione

275 1823 299 1882 Α
321 1824 437 1882 cunctis
453 1820 488 1881 ad
509 1820 634 1881 litteram
647 1820 681 1879 N
690 1820 792 1882 licetne
813 1822 930 1902 impune
945 1824 1118 1883 substituere
1140 1842 1244 1885 nornen
1259 1827 1288 1884 S.
1303 1825 1350 1883 ia·

276 1901 374 1962 nnarii
395 1899 528 1978 Episcopi
549 1908 577 1960 et
596 1900 751 1977 Martyris,
778 1920 830 1963 ceu
859 1903 999 1981 precipui
1028 1905 1141 1964 Patroni
1163 1902 1291 1965 Civitatis
1319 1908 1349 1962 et

277 1980 371 2058 Regni
392 1979 590 2057 Neapolitani,
612 1979 767 2042 omittendo
788 1998 909 2060 prorsus
930 1982 1062 2060 quemvis
1084 1983 1171 2045 alium
1194 1987 1348 2044 Patronum

277 2078 329 2121 seu
353 2059 512 2121 titularem
533 2060 690 2133 Ecclesia,
717 2059 747 2121 in
768 2078 826 2140 qua
847 2061 934 2121 llissa
958 2062 1141 2137 celebratur,
1166 2062 1247 2142 juxta
1272 2059 1348 2123 Cleri

280 2139 431 2202 saecularis
446 2156 562 2217 ,morem
581 2139 595 2197 ‘l

339 2219 469 2298 nunu.
490 2222 521 2279 ln
550 2236 616 2279 casn
639 2217 792 2294 negativo:
822 2219 888 2279 dato
910 2220 987 2297 quod
1016 2219 1045 2279 in
1074 2227 1169 2281 nostra
1191 2218 1347 2296 collegiata

278 2298 407 2361 Ecclesia
429 2297 487 2372 (S.
508 2298 636 2358 ioannis
656 2298 787 2375 Maioris
807 2301 979 2361 incivitate
1000 2300 1202 2376 Neapolitana
1211 2301 1230 2375 )
1254 2298 1347 2359 nomi·

278 2378 393 2440 uandus
414 2378 499 2440 sits·
520 2382 644 2440 loannes
664 2378 808 2458 Baptista,
830 2380 870 2440 uti
891 2379 1048 2454 Titularis,
1071 2387 1150 2441 estne
1172 2376 1349 2440 adnectenda

279 2478 398 2540 quoque
418 2463 447 2520 8.
469 2458 555 2518 Lucia
576 2460 665 2531 Virgo
686 2467 714 2518 et
734 2463 851 2537 Martyr,
874 2478 926 2519 ceu
950 2478 1084 2539 peraeque
1107 2457 1321 2520 (lontitularisl

339 2539 415 2600 Dub.
437 2541 484 2598 111.
505 2541 539 2597 Et
560 2537 584 2598 si
606 2537 785 2611 affirmative,
801 2557 859 2619 quo
881 2539 943 2600 loco
958 2539 996 2599 sit
1009 2537 1147 2600 locanda?
1165 2543 1298 2599 Potestne
1317 2541 1349 2599 S.

279 2618 382 2680 ioanni
405 2615 568 2678 immediate
583 2618 697 2697 adjungi
714 2637 766 2696 per
788 2618 905 2678 modurn
921 2617 1007 2678 unius
1026 2627 1057 2678 nt
1073 2617 1266 2690 coutitularis‚
1283 2625 1350 2678 ante

279 2699 359 2777 ipsos
374 2701 475 2758 Beatos
495 2698 645 2774 Apostolos
667 2701 782 2758 Petrum
805 2706 833 2757 et
850 2698 980 2771 Paulum,
1002 2697 1125 2759 dicendo
1147 2716 1193 2758 ex.
1209 2717 1258 2776 gr.
1276 2727 1289 2752 ι
1314 2700 1349 2757 Et

279 2781 367 2838 Beato
388 2781 496 2838 loarrne
517 2775 641 2853 Baptista
657 2794 722 2837 cuni
744 2781 828 2837 Beata
843 2777 929 2838 Lucia
950 2787 1003 2839 etc.
1023 2802 1048 2852 ι,
1071 2796 1106 2837 an
1127 2775 1286 2856 separanda
1309 2777 1345 2838 ab

280 2856 342 2931 illo,
364 2875 396 2916 ac
418 2855 537 2916 locanda
559 2864 625 2934 post
644 2860 745 2917 Beatos
766 2857 918 2934 Apostolos
941 2861 1057 2919 Petrum
1079 2865 1106 2917 ct
1127 2856 1274 2918 Paulum?

341 2936 417 2997 Dub.
439 2939 486 2997 lV.
507 2939 640 3008 nemum,
662 2954 697 2996 an
720 2935 880 2998 devotionis
901 2956 969 3015 ergo
998 2937 1081 3000 liceat
1102 2943 1130 2998 S.
1152 2942 1274 2999 Patrono
1297 2953 1349 2996 seu

280 3015 403 3078 Titulari
424 3014 569 3088 Ecclesiae,
590 3017 618 3075 in
640 3035 696 3094 qna
717 3017 801 3076 Missa
823 3017 1007 3089 celebratur,
1030 3017 1097 3079 addi
1119 3022 1148 3079 S.
1169 3016 1350 3089 ianuarium,

280 3114 335 3158 cen
358 3095 538 3174 precipuum
569 3094 697 3156 Civitatis
716 3105 744 3156 et
764 3097 855 3174 Regni
886 3098 1068 3176 Neapolitani
1102 3097 1287 3160 Patronuml
1321 3104 1350 3158 et

281 3175 333 3238 ubi
357 3175 520 3236 locandus?

342 3260 371 3316 S.
393 3259 427 3316 R.
449 3259 479 3316 C.
551 3255 786 3334 respondendnm
807 3257 940 3319 censuit:

342 3334 386 3396 Ad
407 3338 428 3395 l.
449 3335 587 3414 Nepotive
600 3335 695 3412 juata
716 3338 780 3396 otia
800 3337 948 3408 Decreta,
973 3355 1008 3396 ac
1028 3338 1202 3413 prasertim
1230 3333 1257 3394 in
1286 3336 1350 3396 Mu·

281 3413 371 3476 tinen.
393 3417 439 3474 die
461 3417 499 3475 23
523 3415 599 3491 Sept.
624 3419 700 3479 1837
724 3417 764 3474 od
783 3416 859 3473 Duc.
885 3420 930 3477 to.

343 3493 386 3556 Ad
408 3499 441 3555 ll.
463 3494 658 3572 Affirmative‚
674 3505 701 3556 ct
714 3497 913 3556 nominandas
936 3506 998 3556 tum
1012 3495 1039 3554 S.
1054 3495 1183 3554 ioannes
1196 3492 1351 3568 Baptista,

283 3584 346 3634 tum
368 3575 396 3634 8.
418 3576 512 3634 Lucia
535 3574 623 3654 Virqo
643 3586 669 3635 et
690 3577 823 3650 Martyr,
843 3578 938 3635 debito
958 3575 1061 3634 ordine
1082 3584 1218 3633 seruato:
1245 3589 1348 3648 nempe

283 3656 312 3714 S.
334 3654 467 3715 Joanncs
485 3656 629 3730 Baptista
654 3656 854 3714 nominandos
875 3668 916 3716 cst
941 3664 1010 3732 post
1028 3655 1155 3713 Beatam
1179 3654 1349 3732 Virpincm,

283 3747 311 3797 et
332 3734 362 3793 8.
384 3736 477 3794 lucio
494 3744 564 3810 post
584 3737 629 3796 Ss.
650 3735 802 3812 Apostolos
822 3736 947 3795 Petrum
966 3745 994 3793 ct
1015 3734 1152 3794 Paulum.

343 3814 387 3876 Ad
410 3817 446 3874 lll
467 3823 495 3875 et
514 3817 562 3875 lV.
583 3817 743 3875 Provisum
765 3817 796 3874 in
814 3816 1061 3891 praecedentibus.

344 3901 436 3973 Atque
459 3896 495 3955 ita
517 3894 665 3974 respondit
684 3902 712 3955 et
731 3894 841 3954 servari
866 3892 1089 3954 mendacitate
1110 3895 1149 3955 88
1171 3889 1352 3971 SeptemBris

283 3977 363 4070 1865
389 3997 474 4116 »HT
495 3976 615 4037 Cousatc
636 3994 700 4052 qua
720 3976 987 4038 animadvertimus
1015 3974 1068 4034 aab
1088 3975 1135 4034 die
1159 3975 1196 4038 18
1218 3972 1349 4032 Fciuua·

281 4075 326 4115 ru
351 4073 381 4116 a.
456 4098 463 4113 .
