3484 4875
489 503 493 509 ·
576 506 1092 556 11111111111111111111111111111
1284 492 1346 559 557

348 613 494 699 quamvis
517 612 602 699 apud
619 634 677 679 nos
693 615 734 680 sit
755 615 933 701 proprium,
949 623 1059 703 utpote
1077 616 1205 683 Festum
1223 614 1369 694 Ordinis3

349 703 487 768 alterum
512 704 629 788 quiippe
653 702 685 768 S.
702 701 846 768 Joacbim
871 704 1028 770 adnexum
1052 705 1149 772 babet
1171 715 1369 793 praeceptum

348 791 450 876 quoad
476 791 605 867 Forum,
630 812 699 877 quae
723 794 935 878 praerogativa
959 796 1039 859 tanti
1062 804 1121 871 est,
1145 804 1180 859 ut
1203 793 1287 859 Festi
1304 796 1369 860 ritu
1487 875 1490 881 ,

346 882 430 965 paris
455 882 685 1034 prpppiptatem
710 881 880 965 praecedat.
898 882 1007 969 Relepe
1031 884 1113 969 qood
1136 884 1311 972 expositum
1327 894 1370 949 ost

346 989 368 1033 c.
393 971 416 1033 4
439 992 469 1033 n.
587 969 607 1033 .”
800 1000 802 1004 ·

329 1053 352 1120 t.
375 1094 421 1105 —
444 1057 468 1121 1.
494 1057 527 1122 Si
551 1057 668 1122 alicubi
692 1057 785 1123 bodie
809 1059 937 1124 Festum
963 1060 1068 1144 agitur
1092 1060 1227 1147 alicujus
1251 1060 1282 1125 S.
1300 1059 1368 1125 Vir·

343 1146 429 1229 ginis
453 1153 485 1210 et
508 1147 657 1234 Martyris
682 1166 754 1211 cum
771 1148 866 1213 Missa
882 1147 1055 1234 Loqneban
1072 1149 1115 1213 ibi
1141 1150 1368 1215 commutanda

340 1241 391 1299 est
416 1234 548 1300 Secreta
572 1234 604 1299 S.
623 1236 760 1320 Agapiti
785 1256 822 1301 ac
846 1236 999 1302 sumenda
1016 1258 1054 1302 ex
1070 1237 1167 1302 Missa
1184 1238 1221 1303 In
1244 1238 1366 1304 uirtute.

338 1319 376 1386 Si
400 1344 476 1388 vero
502 1323 620 1407 legitur
650 1325 746 1389 Missa
778 1325 944 1401 Dileeisti,
977 1326 1100 1391 Vultum
1124 1336 1212 1391 tuum
1236 1327 1285 1390 vel
1312 1326 1367 1390 Co·

334 1413 452 1494 paoni,
477 1432 557 1497 opus
581 1420 642 1477 est·
655 1422 688 1477 ut
713 1414 971 1479 Postcommunio
995 1417 1136 1481 varietur
1160 1414 1192 1480 S.
1217 1414 1367 1501 Agapiti,

335 1502 528 1585 pariterque
552 1509 680 1587 petatur
703 1523 741 1568 ex
764 1502 858 1567 Missa
883 1503 920 1566 In
942 1503 1063 1568 virtute.

386 1588 424 1653 11.
452 1588 560 1654 Sicubi
585 1590 740 1656 celebrari
765 1592 935 1675 contigerit
951 1592 1079 1657 Missam
1097 1590 1129 1657 S.
1146 1592 1273 1677 Agapiti
1290 1591 1369 1656 Mar-

335 1678 433 1764 tyris,
459 1678 527 1764 ipsa
551 1687 600 1743 est
617 1677 790 1744 Loetcbitnr
813 1679 851 1744 de
876 1679 1053 1757 Communi,
1072 1701 1144 1745 cum
1162 1679 1367 1745 Orationibus

333 1767 481 1917 propriis
507 1766 565 1831 bac
589 1768 658 1852 ipsa
683 1768 743 1843 «tie,
765 1768 971 1852 Evangelium
996 1789 1069 1834 vero
1094 1769 1178 1834 idem
1202 1778 1251 1834 est
1274 1789 1311 1833 ac
1334 1770 1367 1833 in

370 1862 439 1919 esto
465 1855 497 1919 S.
521 1855 684 1920 Laurentii
708 1857 866 1944 Martyris.
884 1854 1078 1922 itn'Missote
1103 1858 1191 1922 Rom.
1218 1858 1367 1945 typicum.

328 1940 353 2007 1.
375 1980 420 1991 -
445 1942 476 2008 S.
503 1944 685 2009 Beruarclus
709 1945 855 2010 Doctoris
883 1947 973 2011 titulo
999 1947 1169 2011 decoratus
1198 1956 1248 2010 est
1271 1964 1288 2009 a
1313 1946 1368 2009 Pio

335 2028 426 2118 Papa
452 2031 520 2096 vtu
546 2032 595 2097 die
619 2032 661 2097 20
685 2033 820 2117 Augusti
846 2034 948 2109 rouo
973 2054 1071 2120 quare
1097 2036 1197 2119 ipsius
1223 2032 1368 2099 Officium

337 2139 414 2185 cum
438 2121 534 2185 btissa
559 2122 598 2185 ab
623 2122 772 2186 universo
796 2122 888 2186 Ctero
914 2123 1011 2187 totius
1036 2123 1187 2188 Ecclesiae
1220 2122 1367 2187 haurien-

337 2208 414 2274 dum
434 2218 483 2274 est
507 2230 524 2275 e
548 2210 714 2275 Communi
738 2211 923 2287 Doctorum,
941 2218 1059 2297 praeter
1082 2210 1248 2275 Lectiones
1273 2211 1369 2297 primi
1421 2227 1424 2234 ·

336 2294 516 2374 Nocturni,
546 2318 616 2383 quae
639 2307 714 2364 suunt
738 2300 777 2364 de
800 2298 968 2385 Scriptura
992 2307 1204 2374 occurrente,
1229 2299 1369 2384 itemque

338 2387 471 2452 secundi
497 2408 567 2472 quaa
592 2387 642 2467 die
668 2387 726 2453 bac
750 2390 782 2454 iu
805 2388 966 2454 Breviario
990 2396 1108 2475 praesto
1133 2397 1225 2461 stunt,
1250 2387 1303 2453 ubi
1328 2387 1369 2453 acl

340 2485 462 2541 sextam
486 2476 669 2541 lectionem
693 2478 766 2543 addi
790 2486 918 2564 oportet
934 2477 1009 2541 Pius
1031 2499 1102 2541 vero
1126 2476 1203 2542 tut
1223 2475 1369 2561 Pontifex

339 2562 426 2630 Mox.
453 2574 513 2629 etc.
539 2566 633 2629 Missa
658 2574 706 2632 est
729 2567 766 2630 In
788 2567 889 2632 medio
922 2586 993 2632 cum
1018 2565 1161 2652 Epistola
1185 2564 1292 2629 tason
1316 2586 1369 2629 cor

339 2673 430 2718 soom
456 2663 516 2719 etc.
541 2655 572 2719 S.
598 2654 633 2719 11.
662 2654 693 2719 (3.
718 2655 759 2720 25
784 2655 848 2722 tot.
875 2655 960 2720 tuto
986 2655 1074 2719 Deer.
1103 2653 1191 2718 Urbis
1216 2664 1243 2717 et
1271 2651 1368 2718 Orbis.

339 2740 378 2806 Et
410 2743 528 2807 dicitur
559 2742 678 2819 Credo,
711 2745 836 2809 etiamsi
868 2742 1084 2809 transferatur
1116 2742 1246 2808 Festum
1279 2749 1369 2806 extra

340 2828 492 2896 Octavam
511 2832 757 2916 Assumptionis
774 2835 847 2918 quia
873 2854 989 2898 nomen
1014 2831 1045 2896 S.
1063 2831 1218 2897 Beruardi
1241 2831 1273 2895 iu
1299 2831 1370 2896 Mis-

340 2920 399 2984 sali
427 2920 569 2984 Rornauo
602 2921 706 3006 typico
740 2921 848 2987 Roman
880 2923 965 2988 edito
990 2941 1073 2992 anno
1103 2920 1181 2986 11161
1213 2921 1369 2985 insertum

339 3009 503 3094 reperitur
527 3008 676 3074 Rubricis
700 3012 903 3095 generalibus
929 3012 976 3075 tit.
1002 3008 1044 3075 xt
1069 3010 1107 3075 de
1131 3008 1295 3097 Symbolo.

328 3092 349 3161 1.
372 3134 418 3145 -
441 3098 702 3163 postcommunio
727 3097 907 3166 S-Joannae
931 3099 1111 3164 Franciscae
1135 3120 1198 3164 non
1222 3106 1271 3162 cst
1296 3118 1369 3162 con-

339 3184 499 3251 cludenda
523 3186 558 3249 In
582 3187 701 3251 sanitate
723 3188 874 3275 ejusdem,
898 3188 953 3254 scd
979 3189 1169 3273 simpliciter
1190 3187 1228 3252 Iu
1251 3187 1369 3251 recitate
1458 3266 1464 3279 .

338 3273 476 3361 Spiritus
498 3275 598 3339 soracti
619 3284 679 3341 etc.
704 3276 734 3341 S.
759 3277 795 3342 R.
817 3279 848 3344 C.
875 3279 915 3344 tu
938 3275 1015 3342 Noc.
1034 3277 1116 3341 tssbt
1143 3277 1177 3340 in
1198 3297 1261 3339 noa
1284 3275 1369 3340 Mar·

339 3383 447 3428 sorum
472 3363 514 3427 nd
536 3364 590 3429 49.
1272 3426 1275 3431 .

328 3448 349 3516 1.
365 3487 410 3502 ··—
427 3450 449 3516 1.
464 3451 522 3516 Ubi
540 3450 572 3517 S.
591 3452 816 3519 Bartholomaei
833 3453 939 3538 agitur
953 3451 1082 3520 Festum
1101 3452 1151 3519 die
1167 3450 1221 3528 111,
1235 3451 1261 3515 si
1274 3450 1369 3515 bodie

339 3537 437 3607 tuerit
455 3539 631 3607 Sabbatum
649 3544 804 3608 recitatur
821 3563 902 3608 nona
920 3541 1028 3608 Lectio
1052 3543 1092 3608 de
1115 3541 1246 3607 homilia
1267 3539 1368 3625 ipsius

339 3626 634 3716 vigiliarumque
659 3632 752 3718 hujus
776 3631 811 3695 tit
834 3632 1098 3697 commemoratio
1123 3629 1215 3718 (autc
1232 3629 1369 3694 alteram
1413 3633 1418 3641 '

341 3714 391 3782 Ss.
417 3718 621 3806 Martyrum)
654 3720 685 3785 in
716 3719 878 3786 Laudibus
902 3728 934 3785 et
957 3721 1053 3785 Missa
1078 3739 1150 3785 cum
1174 3717 1242 3804 ejus
1266 3716 1368 3784 Evan-

340 3807 425 3890 gelio
449 3807 480 3872 in
505 3808 609 3873 Missae
632 3807 710 3882 fiue;
728 3808 810 3873 binae
833 3828 908 3874 vero
933 3809 1137 3876 celebrantur
1161 3807 1264 3872 uisse
1288 3806 1367 3872 Con·

340 3897 516 3974 ventitabas,
535 3897 566 3962 in
589 3916 725 3982 quarum
746 3898 858 3973 altera,
876 3916 989 3984 nempe
1014 3897 1052 3963 de
1068 3896 1194 3982 Vigilia,
1218 3893 1367 3964 Praefatio

342 3987 522 4050 communis
540 3984 719 4052 adhibetur.
738 3986 868 4052 Attende
884 3985 966 4052 dicta
984 4009 1009 4052 c.
1027 3987 1046 4052 8
1063 4009 1092 4052 n.
1111 3986 1132 4051 1
1149 3997 1178 4051 et
1192 4001 1290 4072 sopp·

385 4072 425 4140 11.
452 4072 592 4140 Rursum
626 4075 680 4141 ubi
711 4074 842 4142 Festum
871 4073 905 4142 S.
929 4074 1154 4143 bartholomaei
1187 4073 1368 4142 celebratur
