3484 4875
366 494 431 561 571
520 511 695 559 amorium
711 511 798 558 rurnu
815 513 1236 563 ocravanss.corr.cnn1sn

341 621 407 685 sint
430 620 543 706 primu,
565 628 621 684 aut
644 619 794 684 secundae
818 620 942 685 classis.
966 618 1065 685 Rrvbr.
1090 621 1136 686 ibi
1156 630 1188 685 ct
1204 622 1232 686 S.
1252 618 1350 685 utu
1386 617 1404 679 li

341 708 420 792 Muj.
445 708 530 772 lOOO
556 708 587 770 r'u
613 706 794 771 h'lv'cboucrt.
818 707 860 771 od
876 708 907 772 2.
926 706 1158 794 Semiduplicia
1180 706 1349 773 transferuutur

344 803 418 880 post
453 793 617 860 Octavam.
653 795 789 859 bertrico
813 795 865 860 ibi.
901 794 1105 880 Simplicium
1129 797 1165 861 lit
1186 804 1351 861 tautuueua
1393 816 1397 822 ·

345 884 559 956 memoratio,
583 883 651 945 sine
675 901 758 946 nona
782 901 894 947 eorum
917 882 1093 959 Lectione,
1117 882 1351 965 nisiOllieiunce
1395 882 1404 939 i

344 969 488 1035 lebretur
511 969 597 1034 Festi
620 968 757 1054 duplicis
781 989 852 1035 eam
886 973 1223 1037 commemorationem
1243 970 1352 1035 admittor
1388 990 1402 1018 r

345 1058 387 1121 tis
421 1056 563 1142 (nempe
588 1056 673 1140 quod
706 1078 770 1122 non
801 1059 845 1124 sit
869 1056 988 1142 duplex
1010 1060 1124 1143 primm
1154 1056 1291 1142 classis];
1310 1064 1353 1119 tut

345 1144 385 1209 de
417 1145 563 1230 Simplici
585 1146 692 1209 locum
724 1144 859 1209 haberet
894 1164 978 1209 nona
1006 1145 1117 1211 Lectio
1140 1140 1353 1211 historicull
1387 1165 1404 1201 22

349 1232 381 1297 Ο.
419 1233 461 1297 lh
485 1233 525 1297 Se
549 1231 674 1296 terebris
707 1232 788 1297 1671
816 1234 848 1295 iu
879 1232 1025 1299 Noscono
1054 1233 1097 1297 cd
1130 1234 1160 1299 l.
1184 1234 1226 1298 lle
1252 1232 1289 1297 die
1307 1226 1354 1295 inin
1396 1280 1399 1291 .

347 1317 500 1384 Octavam
524 1254 580 1384 OS.
605 1319 755 1403 Corporis
780 1318 920 1395 Christi,
949 1339 1152 1405 quocumque
1184 1322 1267 1387 Festo
1289 1333 1355 1382 occu
1386 1337 1404 1377 e

346 1416 459 1483 rente,
490 1427 617 1491 semper
646 1408 910 1472 commemoratio
946 1408 1063 1490 agitur.
1092 1408 1189 1475 Rubr.
1212 1408 1252 1474 tit.
1271 1406 1285 1471 9
1307 1401 1356 1467 nl
1397 1405 1403 1465 t

346 1493 381 1558 Si
411 1515 473 1580 qua
496 1494 611 1578 Vigilia
642 1494 763 1559 incidat
791 1493 875 1559 inira
905 1494 987 1559 hano
1020 1495 1195 1573 Octavam,
1227 1493 1358 1580 oportetut
1390 1512 1397 1551 s

345 1582 389 1645 ibi
413 1602 560 1667 quoque,
591 1582 644 1646 ubi
668 1582 868 1667 privilegiata
892 1589 942 1646 est
965 1582 1111 1648 adinstar
1135 1584 1255 1649 Octavae
1273 1576 1358 1665 bpipit·

345 1670 430 1744 nire,
463 1690 547 1734 noua
570 1670 679 1734 Lectio
711 1671 865 1735 recitetur
897 1669 935 1734 de
959 1670 1092 1735 homilia
1115 1671 1254 1755 Vigiliae,
1279 1668 1360 1753 ejusve
1391 1687 1404 1721 ῑ·

348 1759 612 1822 commemoratio
652 1757 845 1843 adjungatur
879 1758 912 1821 in
944 1757 1109 1841 ¹Laudibus
1145 1767 1177 1824 et
1212 1758 1293 1823 Missa
1318 1765 1360 1816 uu
1389 1757 1404 1816 t

345 1845 479 1929 proprio
502 1846 603 1930 ipsius
627 1844 800 1929 Evangelio
824 1847 856 1910 in
887 1845 990 1909 Missae
1014 1844 1098 1920 fine;
1123 1846 1156 1910 in
1180 1838 1362 1911 cathedratico
1390 1844 1404 1902 ⁷1

345 1952 421 1997 vero
446 1940 506 1996 etc.
532 1933 615 1996 hince
639 1933 843 1998 celebrentur
867 1933 970 1997 Missae
994 1932 1235 2009 conventuales,
1253 1922 1362 1997 attente

346 2017 466 2084 Octava
491 2031 564 2106 post
587 2020 739 2096 Tertiam,
764 2021 866 2087 altera
891 2019 930 2084 de
945 2020 1060 2103 Vigilia
1085 2030 1159 2105 post
1174 2012 1362 2087 Nonamllulr.

345 2107 430 2172 Mite.
449 2109 493 2173 ot.
520 2108 538 2172 5
562 2131 592 2173 u.
616 2108 683 2172 het
700 2108 731 2172 S.
757 2107 793 2172 R.
814 2108 846 2173 G.
872 2107 912 2172 16
930 2106 1002 2172 Jou.
1020 2108 1105 2173 1797
1130 2109 1163 2173 iu
1185 2100 1362 2173 Satirarum
1391 2126 1404 2161 ί

347 2195 389 2259 od
412 2197 431 2260 5
455 2205 485 2261 et
507 2195 538 2262 1.
563 2195 691 2280 Perlepe
721 2198 815 2260 etiem
839 2195 955 2259 tradito
984 2216 1010 2260 c.
1036 2196 1054 2260 8
1087 2218 1117 2261 n.
1143 2196 1164 2260 7
1193 2207 1220 2261 et
1247 2185 1364 2279 serpilli
1392 2192 1403 2251 ..'

346 2284 453 2370 ipsum
476 2283 668 2349 servandum
693 2290 763 2357 est,
794 2276 920 2368 q'uoties
948 2283 1055 2367 aliqua
1079 2282 1217 2367 Vigilia,
1245 2284 1287 2347 vel
1309 2275 1325 2343 F
1347 2273 1353 2287 ’
1400 2303 1404 2322 =

347 2371 474 2458 major,
509 2380 564 2436 aut
588 2371 753 2435 bomiuica
785 2372 959 2457 anticipata
994 2373 1173 2456 generatim
1204 2358 1363 2460 inciditiuitt

348 2458 513 2535 Octavam,
530 2481 601 2545 quae
626 2460 792 2544 privilegio
816 2461 961 2545 potiatur
986 2459 1176 2525 excludendi
1193 2460 1294 2525 saltem
1310 2466 1366 2519 seut
1399 2470 1403 2503 2

348 2547 465 2634 duplex
490 2566 674 2613 occurrens
702 2546 806 2612 Ccool.
832 2557 873 2611 to.
898 2546 918 2611 7
943 2568 968 2611 c.
996 2548 1036 2611 15
1061 2546 1090 2611 d.
1117 2548 1136 2610 5
1160 2572 1191 2613 n.
1214 2549 1243 2613 O.
1393 2540 1396 2553 ’

416 2638 446 2700 7.
464 2636 647 2700 Peculiares
671 2632 798 2700 Octavae
822 2634 867 2699 ibi
891 2634 996 2699 solum
1020 2643 1149 2700 cessant
1173 2645 1204 2701 et
1227 2635 1366 2712 abrumpo·
1399 2649 1404 2723 j

347 2733 417 2799 tur,
442 2723 631 2788 adveniente
654 2721 750 2788 Festo
774 2721 831 2786 SS.
856 2721 1009 2806 Corporis
1032 2721 1169 2800 Christi,
1193 2723 1245 2789 ubi
1267 2716 1366 2786 einim
1400 2726 1402 2733 '

348 2810 480 2875 Festum
511 2809 572 2875 hoe
603 2831 640 2875 ex
669 2810 854 2896 Apostolico
878 2808 1006 2874 indulto
1030 2808 1150 2875 Octava
1175 2800 1368 2896 praeditum&

350 2917 441 2980 aeque
464 2897 667 2982 privilegiata
690 2918 728 2963 ac
752 2898 854 2962 altera
879 2896 1073 2983 Epiphaniae.
1098 2897 1130 2963 S.
1156 2897 1192 2963 rt.
1220 2898 1250 2963 C.
1273 2895 1302 2960 11
1316 2889 1365 2972 Sul

350 2984 436 3049 1817
459 2985 492 3047 in
515 2985 729 3071 Pompilonen.
755 2984 861 3064 Quare
883 2984 928 3048 ibi
952 2986 979 3049 si
1003 2985 1110 3069 aliqua
1134 2984 1251 3050 Octava
1271 2977 1367 3048 inchoat

345 3073 413 3158 jam
438 3073 490 3148 sit,
515 3075 664 3137 continuo
689 3082 738 3137 est
761 3071 950 3138 dimittenda
974 3070 1014 3137 ad
1037 3071 1162 3143 Nonam
1178 3073 1274 3139 deria
1292 3066 1368 3153 quatit

348 3159 572 3247 praecedentis.
602 3158 693 3238 Quod
721 3160 749 3224 si
771 3158 854 3224 inira
879 3156 1031 3224 Octavam
1056 3159 1208 3246 Corporis
1231 3153 1323 3224 Christi
1338 3163 1368 3211 tr

349 3258 461 3315 currat
490 3247 620 3312 Festum
652 3247 768 3332 duplex
791 3248 904 3333 primae
928 3247 1042 3313 classis
1073 3267 1146 3314 oum
1176 3227 1369 3320 anonim

349 3337 479 3422 quidem
511 3336 727 3401 celebrabitur
757 3356 831 3400 cum
862 3337 1169 3401 commemoratione
1200 3323 1370 3402 OctaveOt

349 3426 439 3510 poris
464 3424 594 3498 Christi;
620 3431 652 3488 at
675 3422 769 3508 hujus
793 3422 940 3489 Officium
957 3421 1070 3488 diebus
1087 3422 1313 3509 insequentibus
1327 3424 1371 3505 pt:

351 3512 540 3577 solvendum
564 3512 636 3586 erit,
654 3531 727 3577 cum
751 3513 886 3576 alterius
909 3507 1037 3575 Octavm
1061 3490 1372 3577 commemoratione&

350 3618 425 3663 reru
449 3599 581 3664 Festum
603 3598 753 3663 inciderit
776 3598 894 3684 duplex
918 3598 1067 3662 secunde
1092 3599 1206 3667 classis
1230 3598 1372 3671 baberet*

350 3686 431 3749 riter
455 3684 625 3761 Octavam,
649 3685 729 3751 nihil
753 3693 821 3752 tum
843 3685 884 3750 de
906 3685 963 3749 illo
993 3687 1106 3770 peragi
1130 3695 1250 3773 potest,
1271 3670 1374 3761 sedpt!

352 3769 506 3837 Octavam
529 3773 679 3858 Corporis
704 3773 823 3840 Christi
852 3770 1113 3838 transferendum
1141 3784 1213 3852 est,
1242 3781 1272 3838 et
1291 3761 1374 3854 quib!

354 3859 455 3942 ipsius
478 3857 597 3926 Octava
621 3869 785 3946 pereunte,
802 3862 828 3925 si
846 3869 920 3945 post
943 3867 1016 3925 octo
1041 3860 1110 3927 dies
1132 3869 1306 3948 reponatur.
1323 3840 1375 3916 dh

354 3946 386 4012 o.
411 3945 454 4009 m
476 3945 806 4013 Muciumnon
826 3946 1007 4012 orunvo.
1032 3948 1182 4034 nquinat
1209 3944 1309 4015 cantv
1324 3925 1375 4003 ut

353 4045 382 4099 et
406 4033 436 4098 7.
461 4030 581 4100 Octava
604 4033 660 4100 SS.
685 4035 836 4123 Corporis
861 4035 979 4102 Christi
997 4034 1050 4102 ubi
1074 4037 1161 4104 haud
1182 4038 1273 4105 aliter
1291 4020 1376 4120 privilt⁴
