3484 4875
547 490 640 537 carun
654 490 694 537 vv.
711 490 750 538 us
764 490 982 539 mausntrronn
997 491 1151 539 rnsronuu
1318 473 1362 539 55

330 597 437 686 'exigua
453 597 503 666 Ad
519 598 582 667 hoc
597 619 697 686 genus
713 598 911 687 postremum
927 603 1087 688 pertinent
1103 599 1254 686 obligatio
1272 620 1309 667 ex
1322 600 1382 668 Su·

333 690 450 780 perioris
463 698 625 777 praecepto
638 688 784 755 audiendi
797 689 933 756 Sacrum
945 690 993 779 (*),
1002 689 1130 767 Octava,
1144 690 1258 775 aliquis
1270 691 1383 776 populi

332 799 501 854 concursus,
518 778 719 863 Indulgentia
741 779 895 865 plenaria,
912 779 1108 866 supplicatio
1133 799 1195 845 non
1216 778 1380 852 solemnist

332 868 376 935 el
394 867 557 934 ordinario
581 867 644 933 ritu
667 876 807 953 peracta,
832 868 978 952 publicus
1002 869 1135 955 alicujus
1151 868 1253 955 partis
1277 866 1380 934 Ollicii

332 965 432 1044 prater
455 957 588 1022 solitum
610 965 723 1022 cantus
746 964 806 1022 etc.
824 956 915 1036 Quod
939 959 966 1022 si
982 957 1013 1022 in
1033 957 1180 1023 Ecclesia
1195 957 1251 1022 illa
1274 958 1323 1022 vel
1348 979 1382 1023 u·

334 1054 464 1132 bamque
480 1065 519 1111 ex
536 1044 777 1111 occurrentibus
789 1045 893 1112 nesus
906 1046 1021 1112 colitur
1034 1047 1235 1112 solemnitate
1251 1065 1379 1128 magna,

332 1136 370 1201 tel
387 1143 560 1220 utrumque
582 1134 783 1199 solemnitate
805 1132 965 1201 inferioris
989 1135 1131 1209 ordinis;
1156 1135 1236 1199 illud
1260 1133 1349 1199 antei
1367 1170 1378 1184 ·

333 1232 405 1290 retur
421 1222 567 1309 quodibi
585 1224 691 1307 agitur
706 1223 890 1289 solemnius.
907 1223 1002 1289 uuor.
1016 1223 1118 1313 pecul.
1136 1246 1166 1289 n.
1184 1223 1221 1288 ut
1242 1222 1274 1288 S.
1291 1223 1327 1288 lt.
1348 1223 1381 1289 G.

336 1312 436 1399 ttlaj.
463 1312 550 1377 1756
573 1313 606 1375 in
627 1308 791 1376 Einst'dlerv.
816 1314 861 1378 tit.
886 1312 923 1377 de
950 1310 1068 1378 Transi.
1092 1316 1125 1377 in
1145 1312 1216 1399 fine,
1243 1311 1279 1376 ll
1308 1311 1379 1376 Jon.

337 1400 400 1469 llll
424 1401 457 1465 in
480 1422 544 1465 cono
570 1400 643 1466 uret.
665 1397 774 1466 Uncol.
798 1400 829 1466 S.
857 1401 1023 1488 Auqnslini
1043 1401 1085 1466 ovi
1107 1401 1128 1466 l
1151 1410 1180 1466 ct
1206 1399 1309 1466 Uoool.
1335 1410 1376 1465 to.

336 1488 387 1558 lo.
407 1490 452 1556 26
477 1489 508 1554 d.
532 1489 563 1555 l.
588 1487 744 1567 Quocirca
766 1489 951 1576 principalis
975 1490 1131 1556 Patronus
1154 1489 1244 1566 buci,
1269 1497 1381 1575 utpote

333 1575 446 1645 morus
473 1578 513 1642 de
534 1584 711 1665 precepto,
735 1598 772 1643 ac
795 1576 828 1643 S.
852 1577 995 1644 Joaohim
1020 1599 1109 1665 aeque
1132 1576 1263 1644 festivus
1288 1576 1382 1662 (ideo

330 1670 494 1734 translatus
517 1668 549 1732 in
572 1666 769 1733 Dominicam
804 1665 886 1733 inira
910 1666 1061 1734 Octavam
1084 1667 1321 1754 assumptionis
1345 1666 1381 1732 B.

327 1753 358 1823 Ι.
378 1756 427 1833 V„
450 1775 494 1822 ne
516 1754 611 1822 Festa
634 1754 674 1821 de
696 1765 856 1843 precepto
873 1754 1194 1844 multiplicarentur)„
1209 1753 1382 1843 praeieran-

373 2074 410 2151 (Ἴ
429 2074 483 2140 liic
501 2085 663 2155 opportune
683 2073 954 2144 animadvertimus,
976 2075 1155 2138 recitandum
1176 2094 1240 2138 esse
1262 2092 1379 2154 quoque

320 2168 332 2211 t
347 2156 545 2235 Regularibus
560 2155 692 2218 Officium
707 2156 743 2216 de
758 2156 860 2235 quovis
882 2159 975 2227 Festo,
996 2156 1043 2216 eui
1064 2155 1199 2234 obligatio
1221 2154 1331 2215 adnexa
1346 2155 1386 2214 sit

320 2235 451 2298 nutandi
471 2239 613 2309 Sacrum,
635 2235 688 2297 etsi
708 2236 745 2297 ob
767 2235 958 2315 Apostolum
980 2239 1131 2297 Festorum
1155 2234 1386 2297 incrinutionem

323 2314 460 2377 subletum
488 2315 578 2377 itverit
605 2324 781 2395 praeceptum
804 2334 819 2375 a
840 2316 995 2376 servilibus
1020 2314 1192 2376 abstinendi.
1213 2313 1245 2375 ld
1276 2312 1385 2374 nibilo-

321 2392 408 2459 niooa
427 2396 552 2474 intelligi
568 2414 640 2476 opus
660 2396 760 2457 estole
781 2399 864 2458 Festo
887 2414 952 2456 cum
969 2394 1069 2457 Officio
1091 2412 1193 2456 novem
1217 2393 1384 2455 Lectionum

319 2475 413 2538 ulex
436 2476 559 2556 speciali
580 2477 677 2550 (nulla
700 2475 766 2537 iicet
785 2476 822 2535 de
844 2475 1036 2552 Regularibus
1059 2474 1165 2536 mentio
1186 2473 1256 2546 iiatl
1278 2474 1323 2534 vel
1345 2492 1383 2534 ex

319 2557 438 2631 ltnornli
454 2557 554 2634 aliquo
574 2561 603 2619 S.
618 2555 711 2626 Sedis,
726 2556 769 2617 vel
794 2563 939 2634 praecepto
962 2555 1005 2614 vei
1024 2553 1143 2615 indulto.
1160 2552 1388 2615 Persolvendum

319 2649 397 2709 porro
418 2635 480 2699 erit
500 2636 570 2698 illud
585 2635 717 2698 Officium
739 2635 841 2697 eodem
864 2634 931 2709 ritu,
952 2652 1010 2717 quo
1034 2635 1128 2711 agitur
1148 2651 1163 2694 a
1185 2635 1271 2695 Clcro
1291 2637 1388 2694 Saecu-

319 2710 370 2781 itti.
390 2717 447 2780 Sin
469 2735 540 2777 vero
561 2736 593 2777 ea
614 2716 661 2776 die
682 2724 817 2777 occurrat
837 2734 872 2776 ex
896 2723 1041 2794 praecepto
1063 2714 1092 2775 in
1115 2714 1304 2794 Regularium
1326 2715 1386 2773 Ka·

319 2790 442 2862 nutrio
458 2795 592 2858 Oilicinm
613 2795 691 2858 aliud
708 2796 789 2877 juxta
811 2796 1000 2858 occurrentia
1014 2795 1129 2872 regulas
1151 2792 1385 2874 praeferendumj

320 2893 374 2941 one
396 2877 495 2942 locale
517 2875 648 2937 Officium
676 2875 825 2936 omittitur.
845 2877 937 2936 liubr.
957 2878 1053 2953 pecul.
1075 2895 1102 2935 n.
1126 2879 1176 2949 nt,
1198 2884 1224 2933 et
1246 2876 1274 2933 S.
1296 2874 1330 2932 lt.
1354 2874 1387 2933 C.

319 2958 427 3037 issoi.
454 2957 534 3020 1736
556 2960 587 3015 in
609 2957 769 3017 Einaidten.
791 2958 834 3015 tit.
857 2958 893 3016 de
916 2957 1036 3016 Transi.
1058 2957 1099 3014 nrt
1127 2960 1154 3018 5.
1178 2958 1384 3015 Verumtamen

321 3037 332 3098 i
353 3036 384 3098 in
406 3041 498 3111 Loco,
519 3036 569 3098 ubi
591 3044 740 3097 morantur
760 3035 929 3113 licpularcs⁹
949 3036 1007 3097 duo
1027 3043 1125 3095 extent
1145 3033 1322 3115 principales
1337 3035 1390 3093 Po·
1431 3106 1434 3111 .

319 3120 407 3195 roni,
428 3119 496 3179 sive
518 3116 694 3178 universales
715 3115 776 3176 sire
797 3115 1003 3193 particulares,
1025 3114 1150 3192 legitime
1172 3112 1338 3183 constituti,
1359 3120 1387 3172 et

319 3200 398 3262 mbo
419 3197 556 3261 colantur
569 3215 636 3257 cum
657 3195 757 3256 seriata
778 3196 825 3256 die
848 3214 901 3275 pru
922 3195 1038 3274 populo,
1053 3204 1085 3256 ut
1107 3196 1159 3256 bac
1180 3195 1216 3254 de
1238 3210 1325 3253 causa
1340 3193 1387 3269 agi

321 3287 437 3343 venta
461 3274 654 3354 Regularibus
674 3274 805 3337 Officium
826 3275 863 3336 de
884 3276 1011 3336 secundo
1034 3278 1177 3343 Patrono,
1205 3280 1318 3349 oportet
1339 3272 1383 3332 ie-

319 3361 415 3423 iotnm
438 3358 517 3419 diem
539 3374 594 3416 non
616 3354 759 3416 inductam
782 3355 899 3435 quidem
922 3373 985 3416 esse
1007 3373 1043 3415 ex
1064 3352 1293 3422 consuetudine,
1317 3369 1385 3429 quae

318 3438 458 3503 nimirum
478 3456 532 3516 per
551 3435 661 3497 Bullam
685 3434 831 3495 Universa
851 3435 957 3497 Urbani
980 3438 1043 3496 Vlll
1063 3432 1121 3495 diei
1146 3437 1182 3494 ib
1205 3437 1282 3508 Sept.
1308 3433 1388 3492 totu

318 3518 393 3585 nulla
409 3515 560 3595 obligandi
582 3515 609 3576 vi
631 3515 733 3593 pollet3
749 3515 799 3575 secl
822 3515 865 3575 vel
883 3535 919 3576 ex
935 3514 1068 3575 mandato
1089 3521 1138 3572 aut
1158 3509 1269 3572 indulto
1292 3514 1322 3572 S.
1339 3514 1388 3570 Se·

318 3600 351 3663 ris
375 3596 463 3662 edito
477 3605 542 3677 post
563 3595 709 3674 prefatam
730 3595 851 3668 Batiam,
866 3595 911 3656 vel
927 3614 963 3656 ex
986 3591 1156 3673 prescripto
1170 3589 1303 3670 Episcopi
1320 3592 1388 3652 item

318 3687 378 3745 vest
399 3695 511 3739 aunum
533 3680 631 3747 lota,
663 3675 740 3755 quod
771 3682 865 3741 tamen
888 3674 1001 3747 exalia
1024 3673 1108 3752 plane
1131 3689 1216 3733 causa
1238 3688 1323 3751 quam
1346 3689 1383 3731 ex

318 3760 394 3821 llius
414 3757 512 3818 Sancti
534 3760 684 3818 Patronem
708 3755 844 3817 indictum
865 3764 894 3815 et
916 3753 1080 3833 impositum
1102 3751 1157 3826 sit3
1188 3751 1296 3832 qnippe
1318 3769 1386 3812 cum

318 3856 371 3900 ior
393 3835 474 3898 iilam
496 3837 602 3898 Urbani
623 3836 733 3896 Bullovu
755 3834 840 3896 unius
861 3833 1009 3896 dumtaxat
1031 3831 1198 3911 principalis
1220 3833 1333 3892 Patroni
1358 3829 1386 3891 in

318 3933 504 3997 'uocumque
524 3921 622 3994 Regno
643 3923 692 3975 aut
713 3914 872 3986 Provincia,
893 3923 921 3975 et
941 3912 1059 3973 alterius
1080 3919 1189 3973 tantum
1214 3909 1385 3991 principalis

318 3997 350 4056 in
371 4013 544 4075 unaquoque
559 3997 688 4068 civitate,
703 3995 816 4075 Oppido
838 3994 882 4056 vel
906 3998 990 4071 Pago,
1011 3993 1081 4053 leste
1096 3992 1158 4053 dies
1178 3991 1215 4052 de
1237 3997 1387 4070 praecepto

318 4094 340 4135 ι
360 4078 466 4156 populo
485 4077 625 4141 celebrari
646 4080 835 4156 permittatur.
853 4075 921 4136 Victo
941 4094 966 4136 o.
988 4077 1006 4138 2
1029 4092 1057 4135 n.
1080 4075 1118 4136 23
1137 4083 1167 4134 n
1190 4075 1250 4135 ll.
