<?xml version="1.0" encoding="UTF-8"?>
<!DOCTYPE html PUBLIC "-//W3C//DTD XHTML 1.0 Transitional//EN"
    "http://www.w3.org/TR/xhtml1/DTD/xhtml1-transitional.dtd">
<html xmlns="http://www.w3.org/1999/xhtml" xml:lang="en" lang="en">
 <head>
  <title>
</title>
<meta http-equiv="Content-Type" content="text/html;charset=utf-8" />
  <meta name='ocr-system' content='tesseract 3.04.00' />
  <meta name='ocr-capabilities' content='ocr_page ocr_carea ocr_par ocr_line ocrx_word'/>
</head>
<body>
  <div class='ocr_page' id='page_1' title='image "./kalendariumperp00carpgoog_0237.png"; bbox 0 0 3484 4875; ppageno 0'>
   <div class='ocr_carea' id='block_1_1' title="bbox 358 468 1126 537">
    <p class='ocr_par' dir='ltr' id='par_1_1' title="bbox 358 468 1126 537">
     <span class='ocr_line' id='line_1_1' title="bbox 358 468 1126 537; baseline -0.001 -1"><span class='ocrx_word' id='word_1_1' title='bbox 358 468 424 536; x_wconf 69' lang='lat'>224</span> <span class='ocrx_word' id='word_1_2' title='bbox 624 486 847 533; x_wconf 77' lang='lat' dir='ltr'>nonantulonus</span> <span class='ocrx_word' id='word_1_3' title='bbox 864 488 894 532; x_wconf 92' lang='lat' dir='ltr'>m</span> <span class='ocrx_word' id='word_1_4' title='bbox 910 488 1000 534; x_wconf 85' lang='lat' dir='ltr'>rnsm</span> <span class='ocrx_word' id='word_1_5' title='bbox 1017 489 1126 537; x_wconf 82' lang='lat' dir='ltr'>uauru</span> 
     </span>
    </p>
   </div>
   <div class='ocr_carea' id='block_1_2' title="bbox 339 592 1389 4116">
    <p class='ocr_par' dir='ltr' id='par_1_2' title="bbox 380 592 1358 748">
     <span class='ocr_line' id='line_1_2' title="bbox 380 592 1358 679; baseline 0.003 -21"><span class='ocrx_word' id='word_1_6' title='bbox 380 594 423 659; x_wconf 85' lang='lat' dir='ltr'>lx</span> <span class='ocrx_word' id='word_1_7' title='bbox 452 594 578 660; x_wconf 80' lang='lat' dir='ltr'>denium</span> <span class='ocrx_word' id='word_1_8' title='bbox 603 595 664 659; x_wconf 88' lang='lat' dir='ltr'>erit</span> <span class='ocrx_word' id='word_1_9' title='bbox 688 614 759 679; x_wconf 79' lang='lat' dir='ltr'>quae</span> <span class='ocrx_word' id='word_1_10' title='bbox 784 593 864 659; x_wconf 85' lang='lat' dir='ltr'>alias</span> <span class='ocrx_word' id='word_1_11' title='bbox 892 592 1006 661; x_wconf 84' lang='lat' dir='ltr'>fuisset</span> <span class='ocrx_word' id='word_1_12' title='bbox 1034 594 1164 662; x_wconf 84' lang='lat' dir='ltr'>Octava.</span> <span class='ocrx_word' id='word_1_13' title='bbox 1193 595 1276 662; x_wconf 75' lang='lat' dir='ltr'>deaii.</span> <span class='ocrx_word' id='word_1_14' title='bbox 1295 597 1358 662; x_wconf 81' lang='lat' dir='ltr'>andri</span> 
     </span>
     <span class='ocr_line' id='line_1_3' title="bbox 381 681 548 748; baseline -0.006 -2"><span class='ocrx_word' id='word_1_15' title='bbox 381 681 548 748; x_wconf 84' lang='lat' dir='ltr'>Breviorii.</span> 
     </span>
    </p>

    <p class='ocr_par' dir='ltr' id='par_1_3' title="bbox 339 767 1369 1563">
     <span class='ocr_line' id='line_1_4' title="bbox 339 767 1363 859; baseline 0.002 -25"><span class='ocrx_word' id='word_1_16' title='bbox 339 769 390 835; x_wconf 86' lang='lat' dir='ltr'>it).</span> <span class='ocrx_word' id='word_1_17' title='bbox 414 770 505 834; x_wconf 85' lang='lat'>-1.</span> <span class='ocrx_word' id='word_1_18' title='bbox 531 767 726 834; x_wconf 80' lang='lat' dir='ltr'>Oceturrentc</span> <span class='ocrx_word' id='word_1_19' title='bbox 750 767 845 832; x_wconf 80' lang='lat' dir='ltr'>Festo</span> <span class='ocrx_word' id='word_1_20' title='bbox 870 767 920 834; x_wconf 91' lang='lat' dir='ltr'>Ss.</span> <span class='ocrx_word' id='word_1_21' title='bbox 945 768 1165 856; x_wconf 73' lang='lat' dir='ltr'><strong>Quadraginta</strong></span> <span class='ocrx_word' id='word_1_22' title='bbox 1183 772 1328 859; x_wconf 79' lang='lat' dir='ltr'>Martyrum</span> <span class='ocrx_word' id='word_1_23' title='bbox 1341 770 1363 836; x_wconf 89' lang='lat' dir='ltr'>ia</span> 
     </span>
     <span class='ocr_line' id='line_1_5' title="bbox 381 856 1368 943; baseline 0.001 -21"><span class='ocrx_word' id='word_1_24' title='bbox 381 858 473 924; x_wconf 83' lang='lat' dir='ltr'>Faria</span> <span class='ocrx_word' id='word_1_25' title='bbox 498 859 609 943; x_wconf 87' lang='lat' dir='ltr'>quinta</span> <span class='ocrx_word' id='word_1_26' title='bbox 633 866 706 943; x_wconf 86' lang='lat' dir='ltr'>post</span> <span class='ocrx_word' id='word_1_27' title='bbox 729 856 882 933; x_wconf 76' lang='lat' dir='ltr'><strong>Cineres,</strong></span> <span class='ocrx_word' id='word_1_28' title='bbox 907 857 1037 924; x_wconf 86' lang='lat' dir='ltr'>Secreta</span> <span class='ocrx_word' id='word_1_29' title='bbox 1061 860 1165 925; x_wconf 73' lang='lat' dir='ltr'>Faria</span> <span class='ocrx_word' id='word_1_30' title='bbox 1188 858 1368 930; x_wconf 68' lang='lat' dir='ltr'>commutanda¹</span> 
     </span>
     <span class='ocr_line' id='line_1_6' title="bbox 381 945 1364 1031; baseline 0.003 -22"><span class='ocrx_word' id='word_1_31' title='bbox 381 955 430 1011; x_wconf 90' lang='lat' dir='ltr'>est</span> <span class='ocrx_word' id='word_1_32' title='bbox 454 967 527 1011; x_wconf 88' lang='lat' dir='ltr'>eum</span> <span class='ocrx_word' id='word_1_33' title='bbox 551 947 652 1010; x_wconf 86' lang='lat' dir='ltr'>aitcra</span> <span class='ocrx_word' id='word_1_34' title='bbox 676 945 777 1010; x_wconf 83' lang='lat' dir='ltr'>Feriae</span> <span class='ocrx_word' id='word_1_35' title='bbox 802 952 900 1009; x_wconf 82' lang='lat' dir='ltr'>sexte</span> <span class='ocrx_word' id='word_1_36' title='bbox 925 950 1099 1031; x_wconf 87' lang='lat' dir='ltr'>sequentis.</span> <span class='ocrx_word' id='word_1_37' title='bbox 1118 947 1302 1013; x_wconf 78' lang='lat' dir='ltr'>(incurrente</span> <span class='ocrx_word' id='word_1_38' title='bbox 1318 965 1364 1012; x_wconf 82' lang='lat' dir='ltr'>aue</span> 
     </span>
     <span class='ocr_line' id='line_1_7' title="bbox 381 1029 1365 1121; baseline 0.003 -25"><span class='ocrx_word' id='word_1_39' title='bbox 381 1029 414 1097; x_wconf 90' lang='lat' dir='ltr'>iu</span> <span class='ocrx_word' id='word_1_40' title='bbox 431 1033 523 1100; x_wconf 85' lang='lat' dir='ltr'>Faria</span> <span class='ocrx_word' id='word_1_41' title='bbox 549 1034 643 1099; x_wconf 89' lang='lat' dir='ltr'>tertia</span> <span class='ocrx_word' id='word_1_42' title='bbox 669 1042 741 1117; x_wconf 85' lang='lat' dir='ltr'>post</span> <span class='ocrx_word' id='word_1_43' title='bbox 758 1033 959 1099; x_wconf 85' lang='lat' dir='ltr'>Dominicam</span> <span class='ocrx_word' id='word_1_44' title='bbox 983 1035 1122 1120; x_wconf 80' lang='lat' dir='ltr'>primam</span> <span class='ocrx_word' id='word_1_45' title='bbox 1141 1035 1365 1121; x_wconf 81' lang='lat' dir='ltr'>Quadragesinu</span> 
     </span>
     <span class='ocr_line' id='line_1_8' title="bbox 381 1121 1365 1211; baseline 0.003 -28"><span class='ocrx_word' id='word_1_46' title='bbox 381 1142 440 1206; x_wconf 90' lang='lat' dir='ltr'>pro</span> <span class='ocrx_word' id='word_1_47' title='bbox 464 1122 558 1187; x_wconf 84' lang='lat' dir='ltr'>Faria</span> <span class='ocrx_word' id='word_1_48' title='bbox 581 1121 641 1186; x_wconf 90' lang='lat' dir='ltr'>hac</span> <span class='ocrx_word' id='word_1_49' title='bbox 665 1122 925 1186; x_wconf 85' lang='lat' dir='ltr'>Postaommunio</span> <span class='ocrx_word' id='word_1_50' title='bbox 957 1124 1154 1207; x_wconf 81' lang='lat' dir='ltr'>subrogatur</span> <span class='ocrx_word' id='word_1_51' title='bbox 1179 1121 1365 1211; x_wconf 80' lang='lat' dir='ltr'>proximede·</span> 
     </span>
     <span class='ocr_line' id='line_1_9' title="bbox 381 1208 1367 1299; baseline 0 -25"><span class='ocrx_word' id='word_1_52' title='bbox 381 1211 440 1274; x_wconf 81' lang='lat' dir='ltr'>riae</span> <span class='ocrx_word' id='word_1_53' title='bbox 464 1218 597 1295; x_wconf 74' lang='lat' dir='ltr'>quartae.</span> <span class='ocrx_word' id='word_1_54' title='bbox 616 1211 655 1273; x_wconf 82' lang='lat' dir='ltr'>At</span> <span class='ocrx_word' id='word_1_55' title='bbox 679 1220 790 1275; x_wconf 84' lang='lat' dir='ltr'>contra</span> <span class='ocrx_word' id='word_1_56' title='bbox 809 1210 837 1272; x_wconf 85' lang='lat' dir='ltr'>si</span> <span class='ocrx_word' id='word_1_57' title='bbox 861 1208 900 1273; x_wconf 91' lang='lat' dir='ltr'>de</span> <span class='ocrx_word' id='word_1_58' title='bbox 918 1209 967 1275; x_wconf 88' lang='lat' dir='ltr'>Ss.</span> <span class='ocrx_word' id='word_1_59' title='bbox 985 1211 1205 1297; x_wconf 76' lang='lat' dir='ltr'>Quadraginta</span> <span class='ocrx_word' id='word_1_60' title='bbox 1224 1210 1367 1299; x_wconf 79' lang='lat' dir='ltr'>Martyriius</span> 
     </span>
     <span class='ocr_line' id='line_1_10' title="bbox 382 1298 1367 1386; baseline 0.001 -25"><span class='ocrx_word' id='word_1_61' title='bbox 382 1300 505 1381; x_wconf 79' lang='lat' dir='ltr'>agenda</span> <span class='ocrx_word' id='word_1_62' title='bbox 528 1300 570 1364; x_wconf 92' lang='lat' dir='ltr'>sit</span> <span class='ocrx_word' id='word_1_63' title='bbox 587 1298 850 1362; x_wconf 81' lang='lat' dir='ltr'>commemoratio</span> <span class='ocrx_word' id='word_1_64' title='bbox 868 1298 1080 1365; x_wconf 74' lang='lat' dir='ltr'>indominica</span> <span class='ocrx_word' id='word_1_65' title='bbox 1101 1310 1217 1386; x_wconf 86' lang='lat' dir='ltr'>quarta</span> <span class='ocrx_word' id='word_1_66' title='bbox 1233 1300 1367 1381; x_wconf 83' lang='lat' dir='ltr'>Quadriga·</span> 
     </span>
     <span class='ocr_line' id='line_1_11' title="bbox 382 1386 1369 1471; baseline 0.001 -22"><span class='ocrx_word' id='word_1_67' title='bbox 382 1389 482 1461; x_wconf 79' lang='lat' dir='ltr'>sime,</span> <span class='ocrx_word' id='word_1_68' title='bbox 499 1408 536 1451; x_wconf 93' lang='lat' dir='ltr'>eo</span> <span class='ocrx_word' id='word_1_69' title='bbox 554 1386 638 1471; x_wconf 86' lang='lat' dir='ltr'>quod</span> <span class='ocrx_word' id='word_1_70' title='bbox 657 1386 746 1451; x_wconf 92' lang='lat' dir='ltr'>iocus</span> <span class='ocrx_word' id='word_1_71' title='bbox 765 1386 847 1450; x_wconf 83' lang='lat' dir='ltr'><strong>desit</strong></span> <span class='ocrx_word' id='word_1_72' title='bbox 870 1388 1085 1464; x_wconf 87' lang='lat' dir='ltr'>translationi,</span> <span class='ocrx_word' id='word_1_73' title='bbox 1103 1390 1233 1455; x_wconf 87' lang='lat' dir='ltr'>iliorum</span> <span class='ocrx_word' id='word_1_74' title='bbox 1249 1388 1369 1454; x_wconf 80' lang='lat' dir='ltr'>Socraten</span> 
     </span>
     <span class='ocr_line' id='line_1_12' title="bbox 382 1474 1329 1563; baseline 0.002 -25"><span class='ocrx_word' id='word_1_75' title='bbox 382 1494 463 1561; x_wconf 78' lang='lat' dir='ltr'>apum</span> <span class='ocrx_word' id='word_1_76' title='bbox 487 1476 548 1539; x_wconf 87' lang='lat' dir='ltr'>erit</span> <span class='ocrx_word' id='word_1_77' title='bbox 573 1484 681 1559; x_wconf 89' lang='lat' dir='ltr'>petere</span> <span class='ocrx_word' id='word_1_78' title='bbox 706 1495 744 1539; x_wconf 85' lang='lat' dir='ltr'>ex</span> <span class='ocrx_word' id='word_1_79' title='bbox 768 1474 863 1539; x_wconf 86' lang='lat' dir='ltr'>dlissa</span> <span class='ocrx_word' id='word_1_80' title='bbox 887 1477 1082 1563; x_wconf 75' lang='lat' dir='ltr'>Sapientiam</span> <span class='ocrx_word' id='word_1_81' title='bbox 1106 1477 1145 1544; x_wconf 87' lang='lat' dir='ltr'>de</span> <span class='ocrx_word' id='word_1_82' title='bbox 1170 1477 1329 1543; x_wconf 79' lang='lat' dir='ltr'>Communi.</span> 
     </span>
    </p>

    <p class='ocr_par' dir='ltr' id='par_1_4' title="bbox 382 1562 1389 2245">
     <span class='ocr_line' id='line_1_13' title="bbox 429 1562 1370 1653; baseline -0.004 -26"><span class='ocrx_word' id='word_1_83' title='bbox 429 1564 466 1629; x_wconf 89' lang='lat' dir='ltr'>ii.</span> <span class='ocrx_word' id='word_1_84' title='bbox 492 1566 525 1627; x_wconf 82' lang='lat' dir='ltr'>Si</span> <span class='ocrx_word' id='word_1_85' title='bbox 551 1562 679 1628; x_wconf 77' lang='lat' dir='ltr'>Festum</span> <span class='ocrx_word' id='word_1_86' title='bbox 698 1562 747 1627; x_wconf 85' lang='lat' dir='ltr'>Ss.</span> <span class='ocrx_word' id='word_1_87' title='bbox 766 1562 986 1647; x_wconf 77' lang='lat' dir='ltr'>Quadraginta</span> <span class='ocrx_word' id='word_1_88' title='bbox 1004 1564 1184 1653; x_wconf 82' lang='lat' dir='ltr'>Martyrum</span> <span class='ocrx_word' id='word_1_89' title='bbox 1202 1564 1370 1632; x_wconf 81' lang='lat' dir='ltr'>transferatur</span> 
     </span>
     <span class='ocr_line' id='line_1_14' title="bbox 383 1650 1371 1737; baseline 0 -24"><span class='ocrx_word' id='word_1_90' title='bbox 383 1650 424 1713; x_wconf 90' lang='lat' dir='ltr'>ad</span> <span class='ocrx_word' id='word_1_91' title='bbox 450 1660 575 1737; x_wconf 87' lang='lat' dir='ltr'>tempus</span> <span class='ocrx_word' id='word_1_92' title='bbox 599 1652 765 1727; x_wconf 88' lang='lat' dir='ltr'>Paschaic,</span> <span class='ocrx_word' id='word_1_93' title='bbox 782 1650 856 1716; x_wconf 91' lang='lat' dir='ltr'>inde</span> <span class='ocrx_word' id='word_1_94' title='bbox 874 1650 1020 1717; x_wconf 83' lang='lat' dir='ltr'>Officium</span> <span class='ocrx_word' id='word_1_95' title='bbox 1044 1655 1185 1719; x_wconf 92' lang='lat' dir='ltr'>sumitur</span> <span class='ocrx_word' id='word_1_96' title='bbox 1208 1674 1277 1721; x_wconf 94' lang='lat' dir='ltr'>cum</span> <span class='ocrx_word' id='word_1_97' title='bbox 1291 1650 1371 1717; x_wconf 69' lang='lat' dir='ltr'>neena</span> 
     </span>
     <span class='ocr_line' id='line_1_15' title="bbox 386 1738 1372 1825; baseline 0.001 -24"><span class='ocrx_word' id='word_1_98' title='bbox 386 1738 480 1804; x_wconf 89' lang='lat' dir='ltr'>uibus</span> <span class='ocrx_word' id='word_1_99' title='bbox 504 1739 635 1805; x_wconf 89' lang='lat' dir='ltr'>secundi</span> <span class='ocrx_word' id='word_1_100' title='bbox 660 1739 813 1804; x_wconf 84' lang='lat' dir='ltr'>Nocturni</span> <span class='ocrx_word' id='word_1_101' title='bbox 838 1741 996 1825; x_wconf 85' lang='lat' dir='ltr'>propriis,</span> <span class='ocrx_word' id='word_1_102' title='bbox 1021 1742 1108 1806; x_wconf 90' lang='lat' dir='ltr'>tertii</span> <span class='ocrx_word' id='word_1_103' title='bbox 1132 1750 1240 1808; x_wconf 90' lang='lat' dir='ltr'>autem</span> <span class='ocrx_word' id='word_1_104' title='bbox 1262 1741 1296 1807; x_wconf 88' lang='lat' dir='ltr'>de</span> <span class='ocrx_word' id='word_1_105' title='bbox 1315 1739 1372 1804; x_wconf 87' lang='lat' dir='ltr'>don·</span> 
     </span>
     <span class='ocr_line' id='line_1_16' title="bbox 383 1827 1371 1915; baseline 0.007 -24"><span class='ocrx_word' id='word_1_106' title='bbox 383 1829 472 1891; x_wconf 75' lang='lat' dir='ltr'>aarum</span> <span class='ocrx_word' id='word_1_107' title='bbox 499 1836 642 1913; x_wconf 88' lang='lat' dir='ltr'>tempore</span> <span class='ocrx_word' id='word_1_108' title='bbox 659 1827 806 1893; x_wconf 84' lang='lat' dir='ltr'>Paschaii</span> <span class='ocrx_word' id='word_1_109' title='bbox 830 1828 850 1892; x_wconf 71' lang='lat'><strong>2</strong></span> <span class='ocrx_word' id='word_1_110' title='bbox 875 1829 956 1893; x_wconf 91' lang='lat' dir='ltr'>loeo.</span> <span class='ocrx_word' id='word_1_111' title='bbox 974 1828 1070 1894; x_wconf 87' lang='lat' dir='ltr'>Missa</span> <span class='ocrx_word' id='word_1_112' title='bbox 1093 1840 1215 1915; x_wconf 84' lang='lat' dir='ltr'>praeter</span> <span class='ocrx_word' id='word_1_113' title='bbox 1233 1829 1371 1898; x_wconf 76' lang='lat' dir='ltr'>Intraum</span> 
     </span>
     <span class='ocr_line' id='line_1_17' title="bbox 383 1913 1389 2016; baseline -0.002 -38"><span class='ocrx_word' id='word_1_114' title='bbox 383 1913 574 1991; x_wconf 87' lang='lat' dir='ltr'>Orationes,</span> <span class='ocrx_word' id='word_1_115' title='bbox 606 1915 785 2001; x_wconf 82' lang='lat' dir='ltr'>Epistoiam</span> <span class='ocrx_word' id='word_1_116' title='bbox 809 1925 841 1980; x_wconf 89' lang='lat' dir='ltr'>et</span> <span class='ocrx_word' id='word_1_117' title='bbox 865 1916 1130 1983; x_wconf 86' lang='lat' dir='ltr'>Gommuuionem</span> <span class='ocrx_word' id='word_1_118' title='bbox 1153 1940 1226 2005; x_wconf 75' lang='lat' dir='ltr'>quae</span> <span class='ocrx_word' id='word_1_119' title='bbox 1256 1918 1371 1984; x_wconf 84' lang='lat' dir='ltr'>habentur</span> <span class='ocrx_word' id='word_1_120' title='bbox 1384 1965 1389 2016; x_wconf 57' lang='lat'><em>4</em></span> 
     </span>
     <span class='ocr_line' id='line_1_18' title="bbox 382 2003 1389 2106; baseline -0.001 -39"><span class='ocrx_word' id='word_1_121' title='bbox 382 2005 415 2067; x_wconf 92' lang='lat' dir='ltr'>iu</span> <span class='ocrx_word' id='word_1_122' title='bbox 441 2004 594 2089; x_wconf 89' lang='lat' dir='ltr'>proprio,</span> <span class='ocrx_word' id='word_1_123' title='bbox 628 2006 689 2069; x_wconf 89' lang='lat' dir='ltr'>erit</span> <span class='ocrx_word' id='word_1_124' title='bbox 720 2004 827 2068; x_wconf 80' lang='lat' dir='ltr'>Saiieti</span> <span class='ocrx_word' id='word_1_125' title='bbox 850 2006 898 2069; x_wconf 87' lang='lat' dir='ltr'>tui</span> <span class='ocrx_word' id='word_1_126' title='bbox 924 2004 967 2069; x_wconf 85' lang='lat' dir='ltr'>&#39;de</span> <span class='ocrx_word' id='word_1_127' title='bbox 992 2006 1161 2071; x_wconf 84' lang='lat' dir='ltr'>Communi</span> <span class='ocrx_word' id='word_1_128' title='bbox 1191 2017 1322 2093; x_wconf 85' lang='lat' dir='ltr'>tempore</span> <span class='ocrx_word' id='word_1_129' title='bbox 1337 2003 1389 2106; x_wconf 72' lang='lat' dir='ltr'>iap</span> 
     </span>
     <span class='ocr_line' id='line_1_19' title="bbox 383 2088 1372 2243; baseline -0.003 -87"><span class='ocrx_word' id='word_1_130' title='bbox 383 2090 495 2243; x_wconf 64' lang='lat' dir='ltr'>sepeli.</span> <span class='ocrx_word' id='word_1_131' title='bbox 524 2092 636 2177; x_wconf 77' lang='lat' dir='ltr'>Confer</span> <span class='ocrx_word' id='word_1_132' title='bbox 659 2114 730 2178; x_wconf 80' lang='lat' dir='ltr'>pace</span> <span class='ocrx_word' id='word_1_133' title='bbox 761 2093 844 2178; x_wconf 77' lang='lat' dir='ltr'>iufra</span> <span class='ocrx_word' id='word_1_134' title='bbox 873 2093 1090 2159; x_wconf 80' lang='lat' dir='ltr'>ediiotabinaua</span> <span class='ocrx_word' id='word_1_135' title='bbox 1122 2096 1160 2159; x_wconf 84' lang='lat' dir='ltr'>de</span> <span class='ocrx_word' id='word_1_136' title='bbox 1194 2088 1372 2183; x_wconf 75' lang='lat' dir='ltr'>temporeis·</span> 
     </span>
     <span class='ocr_line' id='line_1_20' title="bbox 385 2180 615 2245; baseline -0.009 0"><span class='ocrx_word' id='word_1_137' title='bbox 385 2201 416 2245; x_wconf 78' lang='lat' dir='ltr'>ac</span> <span class='ocrx_word' id='word_1_138' title='bbox 439 2180 484 2245; x_wconf 85' lang='lat' dir='ltr'>ali</span> <span class='ocrx_word' id='word_1_139' title='bbox 506 2203 537 2244; x_wconf 85' lang='lat' dir='ltr'>a.</span> <span class='ocrx_word' id='word_1_140' title='bbox 563 2180 615 2244; x_wconf 77' lang='lat' dir='ltr'>ta.</span> 
     </span>
    </p>

    <p class='ocr_par' dir='ltr' id='par_1_5' title="bbox 341 2258 1375 2774">
     <span class='ocr_line' id='line_1_21' title="bbox 341 2258 1372 2353; baseline 0.002 -27"><span class='ocrx_word' id='word_1_141' title='bbox 341 2258 392 2333; x_wconf 81' lang='lat' dir='ltr'>ii.</span> <span class='ocrx_word' id='word_1_142' title='bbox 417 2304 462 2316; x_wconf 94' lang='lat'>-</span> <span class='ocrx_word' id='word_1_143' title='bbox 485 2266 589 2347; x_wconf 82' lang='lat' dir='ltr'>Quum</span> <span class='ocrx_word' id='word_1_144' title='bbox 613 2268 645 2332; x_wconf 92' lang='lat' dir='ltr'>in</span> <span class='ocrx_word' id='word_1_145' title='bbox 670 2267 789 2333; x_wconf 81' lang='lat' dir='ltr'>dlissali</span> <span class='ocrx_word' id='word_1_146' title='bbox 814 2287 872 2353; x_wconf 92' lang='lat' dir='ltr'>pro</span> <span class='ocrx_word' id='word_1_147' title='bbox 896 2268 991 2334; x_wconf 77' lang='lat' dir='ltr'>Festo</span> <span class='ocrx_word' id='word_1_148' title='bbox 1016 2269 1048 2335; x_wconf 87' lang='lat' dir='ltr'>S.</span> <span class='ocrx_word' id='word_1_149' title='bbox 1067 2269 1248 2338; x_wconf 76' lang='lat' dir='ltr'>Franciscae</span> <span class='ocrx_word' id='word_1_150' title='bbox 1265 2270 1372 2335; x_wconf 83' lang='lat' dir='ltr'>Romana</span> 
     </span>
     <span class='ocr_line' id='line_1_22' title="bbox 384 2352 1373 2444; baseline 0.006 -23"><span class='ocrx_word' id='word_1_151' title='bbox 384 2357 575 2442; x_wconf 87' lang='lat' dir='ltr'>simpliciter</span> <span class='ocrx_word' id='word_1_152' title='bbox 606 2355 835 2442; x_wconf 75' lang='lat' dir='ltr'>proscribatur</span> <span class='ocrx_word' id='word_1_153' title='bbox 865 2357 961 2422; x_wconf 82' lang='lat' dir='ltr'>Missa</span> <span class='ocrx_word' id='word_1_154' title='bbox 993 2358 1128 2444; x_wconf 80' lang='lat' dir='ltr'>Copaoai</span> <span class='ocrx_word' id='word_1_155' title='bbox 1157 2358 1198 2424; x_wconf 90' lang='lat' dir='ltr'>de</span> <span class='ocrx_word' id='word_1_156' title='bbox 1228 2352 1373 2426; x_wconf 79' lang='lat' dir='ltr'>comunt.</span> 
     </span>
     <span class='ocr_line' id='line_1_23' title="bbox 383 2444 1375 2534; baseline 0.003 -24"><span class='ocrx_word' id='word_1_157' title='bbox 383 2466 448 2510; x_wconf 90' lang='lat' dir='ltr'>non</span> <span class='ocrx_word' id='word_1_158' title='bbox 472 2446 548 2510; x_wconf 89' lang='lat' dir='ltr'>iicet</span> <span class='ocrx_word' id='word_1_159' title='bbox 565 2444 741 2530; x_wconf 80' lang='lat' dir='ltr'>Epistoiam</span> <span class='ocrx_word' id='word_1_160' title='bbox 759 2445 866 2528; x_wconf 80' lang='lat' dir='ltr'>legere</span> <span class='ocrx_word' id='word_1_161' title='bbox 890 2446 1005 2510; x_wconf 83' lang='lat' dir='ltr'>Viduas</span> <span class='ocrx_word' id='word_1_162' title='bbox 1028 2447 1158 2512; x_wconf 82' lang='lat' dir='ltr'>honera.</span> <span class='ocrx_word' id='word_1_163' title='bbox 1177 2448 1313 2534; x_wconf 87' lang='lat' dir='ltr'>idipsum</span> <span class='ocrx_word' id='word_1_164' title='bbox 1327 2458 1375 2530; x_wconf 59' lang='lat' dir='ltr'>pv</span> 
     </span>
     <span class='ocr_line' id='line_1_24' title="bbox 384 2533 1374 2618; baseline 0.001 -20"><span class='ocrx_word' id='word_1_165' title='bbox 384 2533 535 2613; x_wconf 83' lang='lat' dir='ltr'>standum</span> <span class='ocrx_word' id='word_1_166' title='bbox 560 2540 619 2610; x_wconf 88' lang='lat' dir='ltr'>est,</span> <span class='ocrx_word' id='word_1_167' title='bbox 644 2533 769 2618; x_wconf 81' lang='lat' dir='ltr'>quinties</span> <span class='ocrx_word' id='word_1_168' title='bbox 793 2533 887 2597; x_wconf 83' lang='lat' dir='ltr'>aliter</span> <span class='ocrx_word' id='word_1_169' title='bbox 911 2534 1039 2598; x_wconf 89' lang='lat' dir='ltr'>Missale</span> <span class='ocrx_word' id='word_1_170' title='bbox 1064 2542 1116 2600; x_wconf 90' lang='lat' dir='ltr'>aut</span> <span class='ocrx_word' id='word_1_171' title='bbox 1143 2533 1374 2615; x_wconf 75' lang='lat' dir='ltr'>concessione</span> 
     </span>
     <span class='ocr_line' id='line_1_25' title="bbox 383 2614 1373 2712; baseline -0.001 -26"><span class='ocrx_word' id='word_1_172' title='bbox 383 2623 497 2686; x_wconf 89' lang='lat' dir='ltr'>stulica</span> <span class='ocrx_word' id='word_1_173' title='bbox 523 2623 699 2706; x_wconf 78' lang='lat' dir='ltr'>expressim</span> <span class='ocrx_word' id='word_1_174' title='bbox 724 2641 786 2684; x_wconf 94' lang='lat' dir='ltr'>non</span> <span class='ocrx_word' id='word_1_175' title='bbox 811 2620 964 2686; x_wconf 88' lang='lat' dir='ltr'>decernit.</span> <span class='ocrx_word' id='word_1_176' title='bbox 989 2623 1020 2686; x_wconf 85' lang='lat' dir='ltr'>S.</span> <span class='ocrx_word' id='word_1_177' title='bbox 1046 2623 1082 2686; x_wconf 80' lang='lat' dir='ltr'>lt.</span> <span class='ocrx_word' id='word_1_178' title='bbox 1103 2622 1135 2688; x_wconf 83' lang='lat'>0.</span> <span class='ocrx_word' id='word_1_179' title='bbox 1162 2625 1200 2688; x_wconf 87' lang='lat' dir='ltr'>ii</span> <span class='ocrx_word' id='word_1_180' title='bbox 1221 2625 1301 2712; x_wconf 86' lang='lat' dir='ltr'>Sept.</span> <span class='ocrx_word' id='word_1_181' title='bbox 1322 2614 1373 2686; x_wconf 76' lang='lat' dir='ltr'>iiii</span> 
     </span>
     <span class='ocr_line' id='line_1_26' title="bbox 384 2709 751 2774; baseline 0 -2"><span class='ocrx_word' id='word_1_182' title='bbox 384 2711 415 2773; x_wconf 84' lang='lat' dir='ltr'>ia</span> <span class='ocrx_word' id='word_1_183' title='bbox 439 2709 630 2774; x_wconf 85' lang='lat' dir='ltr'>Namarcca.</span> <span class='ocrx_word' id='word_1_184' title='bbox 655 2709 697 2773; x_wconf 83' lang='lat' dir='ltr'>ed</span> <span class='ocrx_word' id='word_1_185' title='bbox 723 2709 751 2773; x_wconf 90' lang='lat'>5.</span> 
     </span>
    </p>

    <p class='ocr_par' dir='ltr' id='par_1_6' title="bbox 342 2786 1389 3301">
     <span class='ocr_line' id='line_1_27' title="bbox 342 2786 1374 2882; baseline 0.003 -28"><span class='ocrx_word' id='word_1_186' title='bbox 342 2786 393 2860; x_wconf 68' lang='lat' dir='ltr'>id.</span> <span class='ocrx_word' id='word_1_187' title='bbox 418 2833 462 2843; x_wconf 96' lang='lat'><em>-</em></span> <span class='ocrx_word' id='word_1_188' title='bbox 485 2797 543 2861; x_wconf 80' lang='lat' dir='ltr'>Uti</span> <span class='ocrx_word' id='word_1_189' title='bbox 562 2797 691 2860; x_wconf 86' lang='lat' dir='ltr'>Festum</span> <span class='ocrx_word' id='word_1_190' title='bbox 715 2795 747 2861; x_wconf 88' lang='lat' dir='ltr'>S.</span> <span class='ocrx_word' id='word_1_191' title='bbox 765 2795 911 2879; x_wconf 84' lang='lat' dir='ltr'>Gregorii</span> <span class='ocrx_word' id='word_1_192' title='bbox 934 2797 1029 2882; x_wconf 87' lang='lat' dir='ltr'>Papae</span> <span class='ocrx_word' id='word_1_193' title='bbox 1054 2805 1085 2861; x_wconf 90' lang='lat' dir='ltr'>et</span> <span class='ocrx_word' id='word_1_194' title='bbox 1109 2796 1259 2865; x_wconf 83' lang='lat' dir='ltr'>Iioctoris</span> <span class='ocrx_word' id='word_1_195' title='bbox 1282 2794 1374 2863; x_wconf 83' lang='lat' dir='ltr'>indta</span> 
     </span>
     <span class='ocr_line' id='line_1_28' title="bbox 384 2876 1389 2953; baseline 0.001 -6"><span class='ocrx_word' id='word_1_196' title='bbox 384 2881 598 2948; x_wconf 81' lang='lat' dir='ltr'>transferatur</span> <span class='ocrx_word' id='word_1_197' title='bbox 623 2893 786 2949; x_wconf 85' lang='lat' dir='ltr'>carentem</span> <span class='ocrx_word' id='word_1_198' title='bbox 812 2905 895 2948; x_wconf 91' lang='lat' dir='ltr'>nona</span> <span class='ocrx_word' id='word_1_199' title='bbox 911 2883 1061 2949; x_wconf 82' lang='lat' dir='ltr'>Lectione</span> <span class='ocrx_word' id='word_1_200' title='bbox 1085 2884 1124 2950; x_wconf 89' lang='lat' dir='ltr'>de</span> <span class='ocrx_word' id='word_1_201' title='bbox 1149 2886 1280 2953; x_wconf 89' lang='lat' dir='ltr'>homilia</span> <span class='ocrx_word' id='word_1_202' title='bbox 1302 2876 1389 2949; x_wconf 77' lang='lat' dir='ltr'>vetut</span> 
     </span>
     <span class='ocr_line' id='line_1_29' title="bbox 385 2971 1376 3061; baseline -0.001 -26"><span class='ocrx_word' id='word_1_203' title='bbox 385 2971 480 3035; x_wconf 89' lang='lat' dir='ltr'>Festo</span> <span class='ocrx_word' id='word_1_204' title='bbox 506 2973 661 3057; x_wconf 89' lang='lat' dir='ltr'>simplici,</span> <span class='ocrx_word' id='word_1_205' title='bbox 685 2971 794 3037; x_wconf 81' lang='lat' dir='ltr'>Lectio</span> <span class='ocrx_word' id='word_1_206' title='bbox 817 2971 888 3036; x_wconf 85' lang='lat' dir='ltr'>Vttt</span> <span class='ocrx_word' id='word_1_207' title='bbox 919 2973 1031 3059; x_wconf 90' lang='lat' dir='ltr'>incipit</span> <span class='ocrx_word' id='word_1_208' title='bbox 1062 2992 1079 3038; x_wconf 87' lang='lat' dir='ltr'>a</span> <span class='ocrx_word' id='word_1_209' title='bbox 1110 2975 1245 3040; x_wconf 88' lang='lat' dir='ltr'>vocibus</span> <span class='ocrx_word' id='word_1_210' title='bbox 1268 2973 1303 3040; x_wconf 78' lang='lat' dir='ltr'>d&#39;t</span> <span class='ocrx_word' id='word_1_211' title='bbox 1325 2983 1376 3061; x_wconf 69' lang='lat' dir='ltr'>rapt</span> 
     </span>
     <span class='ocr_line' id='line_1_30' title="bbox 384 3052 1376 3150; baseline 0 -28"><span class='ocrx_word' id='word_1_212' title='bbox 384 3059 523 3140; x_wconf 79' lang='lat' dir='ltr'>uidemus</span> <span class='ocrx_word' id='word_1_213' title='bbox 554 3080 591 3124; x_wconf 89' lang='lat' dir='ltr'>ae</span> <span class='ocrx_word' id='word_1_214' title='bbox 615 3059 731 3126; x_wconf 86' lang='lat' dir='ltr'>desinit</span> <span class='ocrx_word' id='word_1_215' title='bbox 756 3060 796 3125; x_wconf 91' lang='lat' dir='ltr'>ad</span> <span class='ocrx_word' id='word_1_216' title='bbox 819 3059 917 3124; x_wconf 85' lang='lat' dir='ltr'>verba</span> <span class='ocrx_word' id='word_1_217' title='bbox 940 3062 1031 3126; x_wconf 85' lang='lat' dir='ltr'>rebus</span> <span class='ocrx_word' id='word_1_218' title='bbox 1054 3071 1083 3125; x_wconf 89' lang='lat' dir='ltr'>et</span> <span class='ocrx_word' id='word_1_219' title='bbox 1107 3064 1261 3150; x_wconf 76' lang='lat' dir='ltr'>exemptis</span> <span class='ocrx_word' id='word_1_220' title='bbox 1289 3052 1376 3127; x_wconf 75' lang='lat' dir='ltr'>estad·</span> 
     </span>
     <span class='ocr_line' id='line_1_31' title="bbox 384 3146 1375 3238; baseline 0.007 -29"><span class='ocrx_word' id='word_1_221' title='bbox 384 3169 470 3221; x_wconf 58' lang='lat' dir='ltr'>inum</span> <span class='ocrx_word' id='word_1_222' title='bbox 495 3146 537 3211; x_wconf 80' lang='lat' dir='ltr'>tx</span> <span class='ocrx_word' id='word_1_223' title='bbox 563 3167 636 3212; x_wconf 81' lang='lat' dir='ltr'>vero</span> <span class='ocrx_word' id='word_1_224' title='bbox 661 3148 705 3212; x_wconf 88' lang='lat' dir='ltr'>ibi</span> <span class='ocrx_word' id='word_1_225' title='bbox 729 3149 835 3234; x_wconf 81' lang='lat' dir='ltr'>pergit</span> <span class='ocrx_word' id='word_1_226' title='bbox 857 3147 988 3213; x_wconf 80' lang='lat' dir='ltr'>Nullam</span> <span class='ocrx_word' id='word_1_227' title='bbox 1011 3159 1117 3214; x_wconf 88' lang='lat' dir='ltr'>autem</span> <span class='ocrx_word' id='word_1_228' title='bbox 1141 3162 1290 3238; x_wconf 82' lang='lat' dir='ltr'>patemus</span> <span class='ocrx_word' id='word_1_229' title='bbox 1312 3157 1375 3229; x_wconf 75' lang='lat' dir='ltr'>utttt</span> 
     </span>
     <span class='ocr_line' id='line_1_32' title="bbox 385 3234 996 3301; baseline 0.003 -2"><span class='ocrx_word' id='word_1_230' title='bbox 385 3235 425 3300; x_wconf 88' lang='lat' dir='ltr'>ad</span> <span class='ocrx_word' id='word_1_231' title='bbox 450 3234 556 3300; x_wconf 89' lang='lat' dir='ltr'>finem.</span> <span class='ocrx_word' id='word_1_232' title='bbox 579 3235 630 3300; x_wconf 83' lang='lat' dir='ltr'>Ee</span> <span class='ocrx_word' id='word_1_233' title='bbox 656 3236 820 3301; x_wconf 85' lang='lat' dir='ltr'>Oetauarie</span> <span class='ocrx_word' id='word_1_234' title='bbox 845 3236 996 3301; x_wconf 81' lang='lat' dir='ltr'>Itomaao.</span> 
     </span>
    </p>

    <p class='ocr_par' dir='ltr' id='par_1_7' title="bbox 342 3314 1389 4116">
     <span class='ocr_line' id='line_1_33' title="bbox 342 3314 1376 3410; baseline 0.004 -27"><span class='ocrx_word' id='word_1_235' title='bbox 342 3316 394 3388; x_wconf 76' lang='lat' dir='ltr'>ili.</span> <span class='ocrx_word' id='word_1_236' title='bbox 419 3321 619 3402; x_wconf 86' lang='lat' dir='ltr'>-Quando</span> <span class='ocrx_word' id='word_1_237' title='bbox 651 3325 759 3409; x_wconf 85' lang='lat' dir='ltr'>aliqua</span> <span class='ocrx_word' id='word_1_238' title='bbox 782 3324 948 3390; x_wconf 81' lang='lat' dir='ltr'>dominica</span> <span class='ocrx_word' id='word_1_239' title='bbox 981 3323 1244 3410; x_wconf 80' lang='lat' dir='ltr'>Quadragesimae</span> <span class='ocrx_word' id='word_1_240' title='bbox 1275 3314 1376 3391; x_wconf 72' lang='lat' dir='ltr'>accord</span> 
     </span>
     <span class='ocr_line' id='line_1_34' title="bbox 385 3398 1377 3500; baseline -0.004 -22"><span class='ocrx_word' id='word_1_241' title='bbox 385 3413 445 3478; x_wconf 89' lang='lat' dir='ltr'>hac</span> <span class='ocrx_word' id='word_1_242' title='bbox 470 3412 521 3477; x_wconf 90' lang='lat' dir='ltr'>die</span> <span class='ocrx_word' id='word_1_243' title='bbox 546 3413 605 3488; x_wconf 72' lang='lat' dir='ltr'>ta,</span> <span class='ocrx_word' id='word_1_244' title='bbox 639 3433 711 3479; x_wconf 89' lang='lat' dir='ltr'>eum</span> <span class='ocrx_word' id='word_1_245' title='bbox 735 3413 763 3495; x_wconf 72' lang='lat' dir='ltr'>i.</span> <span class='ocrx_word' id='word_1_246' title='bbox 792 3414 854 3478; x_wconf 84' lang='lat' dir='ltr'>Ora</span> <span class='ocrx_word' id='word_1_247' title='bbox 877 3435 936 3500; x_wconf 87' lang='lat' dir='ltr'>pro</span> <span class='ocrx_word' id='word_1_248' title='bbox 968 3413 1054 3477; x_wconf 79' lang='lat' dir='ltr'>raedis</span> <span class='ocrx_word' id='word_1_249' title='bbox 1078 3413 1234 3481; x_wconf 73' lang='lat' dir='ltr'>elinandus</span> <span class='ocrx_word' id='word_1_250' title='bbox 1257 3416 1306 3489; x_wconf 70' lang='lat' dir='ltr'>sit.</span> <span class='ocrx_word' id='word_1_251' title='bbox 1324 3398 1377 3492; x_wconf 79' lang='lat' dir='ltr'>apud</span> 
     </span>
     <span class='ocr_line' id='line_1_35' title="bbox 384 3501 1378 3587; baseline -0.005 -21"><span class='ocrx_word' id='word_1_252' title='bbox 384 3521 454 3577; x_wconf 65' lang='lat' dir='ltr'>nos</span> <span class='ocrx_word' id='word_1_253' title='bbox 471 3521 530 3587; x_wconf 89' lang='lat' dir='ltr'>pro</span> <span class='ocrx_word' id='word_1_254' title='bbox 548 3502 853 3566; x_wconf 87' lang='lat' dir='ltr'>commemoratione</span> <span class='ocrx_word' id='word_1_255' title='bbox 868 3501 1103 3567; x_wconf 82' lang='lat' dir='ltr'>Translationis</span> <span class='ocrx_word' id='word_1_256' title='bbox 1127 3503 1159 3566; x_wconf 92' lang='lat' dir='ltr'>S.</span> <span class='ocrx_word' id='word_1_257' title='bbox 1177 3503 1378 3569; x_wconf 78' lang='lat' dir='ltr'>Bonavenua.</span> 
     </span>
     <span class='ocr_line' id='line_1_36' title="bbox 384 3587 1376 3676; baseline -0.005 -24"><span class='ocrx_word' id='word_1_258' title='bbox 384 3588 505 3654; x_wconf 90' lang='lat' dir='ltr'>ideireo</span> <span class='ocrx_word' id='word_1_259' title='bbox 530 3590 560 3653; x_wconf 93' lang='lat' dir='ltr'>iu</span> <span class='ocrx_word' id='word_1_260' title='bbox 579 3587 746 3672; x_wconf 77' lang='lat' dir='ltr'>Sutiragiis</span> <span class='ocrx_word' id='word_1_261' title='bbox 769 3589 797 3671; x_wconf 74' lang='grc' dir='ltr'>γ’.</span> <span class='ocrx_word' id='word_1_262' title='bbox 816 3589 855 3654; x_wconf 93' lang='lat' dir='ltr'>de</span> <span class='ocrx_word' id='word_1_263' title='bbox 879 3589 911 3654; x_wconf 87' lang='lat' dir='ltr'>S.</span> <span class='ocrx_word' id='word_1_264' title='bbox 929 3590 1028 3654; x_wconf 87' lang='lat' dir='ltr'>Maria</span> <span class='ocrx_word' id='word_1_265' title='bbox 1053 3591 1114 3654; x_wconf 89' lang='lat' dir='ltr'>erit</span> <span class='ocrx_word' id='word_1_266' title='bbox 1131 3590 1269 3676; x_wconf 80' lang='lat' dir='ltr'>Dipnare</span> <span class='ocrx_word' id='word_1_267' title='bbox 1288 3588 1376 3655; x_wconf 70' lang='lat' dir='ltr'>necate·</span> 
     </span>
     <span class='ocr_line' id='line_1_37' title="bbox 385 3672 1377 3764; baseline 0.004 -25"><span class='ocrx_word' id='word_1_268' title='bbox 385 3675 482 3741; x_wconf 57' lang='lat' dir='ltr'>aanor.</span> <span class='ocrx_word' id='word_1_269' title='bbox 507 3676 605 3742; x_wconf 84' lang='lat' dir='ltr'>nostri</span> <span class='ocrx_word' id='word_1_270' title='bbox 627 3677 716 3741; x_wconf 84' lang='lat' dir='ltr'>Brea.</span> <span class='ocrx_word' id='word_1_271' title='bbox 741 3677 779 3740; x_wconf 85' lang='lat' dir='ltr'>de</span> <span class='ocrx_word' id='word_1_272' title='bbox 802 3677 969 3764; x_wconf 72' lang='lat' dir='ltr'>Suffrapa&#39;ia</span> <span class='ocrx_word' id='word_1_273' title='bbox 993 3688 1022 3742; x_wconf 87' lang='lat' dir='ltr'>et</span> <span class='ocrx_word' id='word_1_274' title='bbox 1043 3676 1146 3764; x_wconf 87' lang='lat' dir='ltr'>pecul.</span> <span class='ocrx_word' id='word_1_275' title='bbox 1173 3701 1204 3744; x_wconf 84' lang='lat' dir='ltr'>n.</span> <span class='ocrx_word' id='word_1_276' title='bbox 1231 3679 1300 3745; x_wconf 79' lang='lat' dir='ltr'>itt.</span> <span class='ocrx_word' id='word_1_277' title='bbox 1319 3672 1377 3737; x_wconf 65' lang='lat' dir='ltr'>dlii·</span> 
     </span>
     <span class='ocr_line' id='line_1_38' title="bbox 384 3745 1374 3852; baseline 0.001 -25"><span class='ocrx_word' id='word_1_278' title='bbox 384 3782 457 3827; x_wconf 73' lang='lat' dir='ltr'>men</span> <span class='ocrx_word' id='word_1_279' title='bbox 489 3763 521 3829; x_wconf 89' lang='lat' dir='ltr'>s.</span> <span class='ocrx_word' id='word_1_280' title='bbox 548 3765 583 3829; x_wconf 88' lang='lat' dir='ltr'>n.</span> <span class='ocrx_word' id='word_1_281' title='bbox 615 3763 647 3829; x_wconf 89' lang='lat' dir='ltr'>u.</span> <span class='ocrx_word' id='word_1_282' title='bbox 680 3764 758 3850; x_wconf 70' lang='lat' dir='ltr'>(aie</span> <span class='ocrx_word' id='word_1_283' title='bbox 789 3765 830 3830; x_wconf 85' lang='lat' dir='ltr'>m</span> <span class='ocrx_word' id='word_1_284' title='bbox 862 3764 1040 3830; x_wconf 69' lang='lat' dir='ltr'>necemus</span> <span class='ocrx_word' id='word_1_285' title='bbox 1073 3765 1160 3830; x_wconf 79' lang='lat' dir='ltr'>toea</span> <span class='ocrx_word' id='word_1_286' title='bbox 1190 3766 1223 3830; x_wconf 77' lang='lat' dir='ltr'>a</span> <span class='ocrx_word' id='word_1_287' title='bbox 1251 3785 1306 3832; x_wconf 62' lang='lat' dir='ltr'>iiiii</span> <span class='ocrx_word' id='word_1_288' title='bbox 1327 3745 1374 3852; x_wconf 72' lang='lat' dir='ltr'>ad.</span> 
     </span>
     <span class='ocr_line' id='line_1_39' title="bbox 384 3841 1389 3937; baseline 0.002 -22"><span class='ocrx_word' id='word_1_289' title='bbox 384 3849 600 3917; x_wconf 69' lang='lat' dir='ltr'>Excalceatus.</span> <span class='ocrx_word' id='word_1_290' title='bbox 625 3841 678 3917; x_wconf 78' lang='lat' dir='ltr'>SS.</span> <span class='ocrx_word' id='word_1_291' title='bbox 708 3852 895 3937; x_wconf 82' lang='lat' dir='ltr'>Trinitatis)</span> <span class='ocrx_word' id='word_1_292' title='bbox 921 3852 1062 3918; x_wconf 82' lang='lat' dir='ltr'>decreuit</span> <span class='ocrx_word' id='word_1_293' title='bbox 1086 3854 1118 3919; x_wconf 91' lang='lat' dir='ltr'>in</span> <span class='ocrx_word' id='word_1_294' title='bbox 1144 3873 1219 3920; x_wconf 87' lang='lat' dir='ltr'>casu</span> <span class='ocrx_word' id='word_1_295' title='bbox 1251 3845 1389 3919; x_wconf 72' lang='lat' dir='ltr'>sintttdt.</span> 
     </span>
     <span class='ocr_line' id='line_1_40' title="bbox 385 3938 1370 4028; baseline 0 -26"><span class='ocrx_word' id='word_1_296' title='bbox 385 3939 575 4005; x_wconf 90' lang='lat' dir='ltr'>mutandum</span> <span class='ocrx_word' id='word_1_297' title='bbox 598 3960 668 4005; x_wconf 87' lang='lat' dir='ltr'>esse</span> <span class='ocrx_word' id='word_1_298' title='bbox 692 3940 732 4022; x_wconf 70' lang='lat' dir='ltr'>i..</span> <span class='ocrx_word' id='word_1_299' title='bbox 758 3949 792 4005; x_wconf 92' lang='lat' dir='ltr'>ut</span> <span class='ocrx_word' id='word_1_300' title='bbox 815 3941 843 4023; x_wconf 76' lang='lat' dir='ltr'>i.</span> <span class='ocrx_word' id='word_1_301' title='bbox 864 3940 927 4005; x_wconf 84' lang='lat' dir='ltr'>Ora</span> <span class='ocrx_word' id='word_1_302' title='bbox 948 3941 1119 4028; x_wconf 70' lang='lat' dir='ltr'>pronubis</span> <span class='ocrx_word' id='word_1_303' title='bbox 1144 3941 1319 4009; x_wconf 88' lang='lat' dir='ltr'>adhibeatur</span> <span class='ocrx_word' id='word_1_304' title='bbox 1333 3938 1370 4013; x_wconf 83' lang='lat' dir='ltr'>pn</span> 
     </span>
     <span class='ocr_line' id='line_1_41' title="bbox 385 4020 1366 4116; baseline -0.003 -22"><span class='ocrx_word' id='word_1_305' title='bbox 385 4025 420 4094; x_wconf 90' lang='lat' dir='ltr'>B.</span> <span class='ocrx_word' id='word_1_306' title='bbox 438 4026 477 4092; x_wconf 85' lang='grc' dir='ltr'>Μ.</span> <span class='ocrx_word' id='word_1_307' title='bbox 496 4027 531 4092; x_wconf 90' lang='lat' dir='ltr'>V.</span> <span class='ocrx_word' id='word_1_308' title='bbox 550 4035 582 4094; x_wconf 88' lang='lat' dir='ltr'>et</span> <span class='ocrx_word' id='word_1_309' title='bbox 597 4048 656 4116; x_wconf 88' lang='lat' dir='ltr'>pro</span> <span class='ocrx_word' id='word_1_310' title='bbox 674 4029 745 4095; x_wconf 92' lang='lat' dir='ltr'>aliis</span> <span class='ocrx_word' id='word_1_311' title='bbox 763 4028 951 4096; x_wconf 74' lang='lat' dir='ltr'>desumitur</span> <span class='ocrx_word' id='word_1_312' title='bbox 968 4049 1006 4094; x_wconf 88' lang='lat' dir='ltr'>ex</span> <span class='ocrx_word' id='word_1_313' title='bbox 1023 4028 1191 4097; x_wconf 79' lang='lat' dir='ltr'>Communi</span> <span class='ocrx_word' id='word_1_314' title='bbox 1209 4020 1366 4113; x_wconf 67' lang='lat' dir='ltr'>conprendit·</span> 
     </span>
    </p>
   </div>
   <div class='ocr_carea' id='block_1_3' title="bbox 1378 2458 1389 2545">
    <p class='ocr_par' dir='ltr' id='par_1_8' title="bbox 1378 2458 1389 2545">
     <span class='ocr_line' id='line_1_42' title="bbox 1386 2458 1389 2471; baseline 0 0"><span class='ocrx_word' id='word_1_315' title='bbox 1386 2458 1389 2471; x_wconf 96' lang='grc' dir='ltr'>Ι</span> 
     </span>
     <span class='ocr_line' id='line_1_43' title="bbox 1386 2478 1389 2491; baseline 0 0"><span class='ocrx_word' id='word_1_316' title='bbox 1386 2478 1389 2491; x_wconf 90' lang='grc' dir='ltr'>Ι</span> 
     </span>
     <span class='ocr_line' id='line_1_44' title="bbox 1378 2496 1389 2545; baseline 0 0"><span class='ocrx_word' id='word_1_317' title='bbox 1378 2496 1389 2545; x_wconf 81' lang='lat' dir='ltr'>i</span> 
     </span>
    </p>
   </div>
   <div class='ocr_carea' id='block_1_4' title="bbox 0 0 1757 4875">
    <p class='ocr_par' dir='ltr' id='par_1_9' title="bbox 0 0 1757 4875">
     <span class='ocr_line' id='line_1_45' title="bbox 0 0 1757 4875; baseline 0 0"><span class='ocrx_word' id='word_1_318' title='bbox 0 0 1757 4875; x_wconf 95' lang='lat' dir='ltr'> </span> 
     </span>
    </p>
   </div>
  </div>
 </body>
</html>
