3484 4875
712 579 1021 656 nunounutouns

555 753 610 819 ln
642 752 811 818 Festo
844 751 1181 819 Novembrls

337 950 408 1017 Dies
429 948 540 1016 Mensis
564 950 593 1015 l.
616 985 660 997 -
682 948 705 1013 l.
729 949 844 1014 Prima,
860 946 910 1013 die
933 968 996 1014 nou
1021 948 1175 1034 impedita
1199 947 1296 1012 dicitur
1315 942 1343 1009 d-
1376 995 1382 1035 :

381 1040 487 1105 licium
511 1036 746 1104 llclunctorum.
770 1037 880 1122 Relcpe
904 1058 929 1102 c.
954 1038 972 1101 7
996 1060 1026 1102 n.
1052 1038 1071 1101 5
1097 1047 1127 1102 et
1149 1037 1169 1102 8
1193 1059 1222 1101 n.
1244 1036 1285 1101 nt.
1371 1080 1379 1121 p

426 1127 464 1192 ll.
490 1126 617 1192 Festum
641 1127 780 1191 omnium
798 1126 987 1191 Sanctorum
1005 1127 1159 1211 expungit
1179 1124 1341 1211 quodcumqn

382 1215 468 1283 aliud
491 1216 523 1280 iu
547 1235 583 1281 co
601 1223 755 1280 recurrat.
773 1214 867 1279 Rubr.
883 1224 952 1302 post
971 1213 1085 1279 Tabell.
1104 1208 1338 1279 occurrentum.
1366 1233 1369 1295 J

382 1304 461 1369 ltcm
484 1302 620 1369 excludit
644 1303 771 1368 Missam
795 1302 880 1367 Festi
906 1301 1130 1381 transferendi,
1147 1296 1336 1368 neououdclt
1369 1325 1382 1384 ξ

382 1394 455 1476 quie
478 1393 572 1457 ctiam
597 1398 754 1477 presente
777 1389 947 1468 Gadarene,
971 1391 1129 1475 Exequias
1152 1392 1333 1456 solemnesett
1363 1457 1366 1469 ¹

386 1482 495 1566 Confer
518 1480 599 1566 quod
621 1479 869 1544 coincodnersom
893 1489 936 1545 est
958 1482 989 1544 tn
1011 1479 1095 1543 diem
1119 1480 1137 1545 6
1161 1479 1229 1545 Jon.
1243 1500 1267 1541 n.
1288 1472 1334 1539 tt
1359 1498 1382 1558 p

383 1568 949 1634 stultescuuoesnd.
1359 1631 1361 1636 ,

427 1656 479 1722 Ill.
503 1655 536 1722 Si
560 1677 631 1722 cras
655 1655 749 1722 luerit
771 1655 945 1732 llomiuica‚
969 1655 1064 1720 hodie
1088 1662 1162 1740 post
1176 1652 1334 1720 Benedicorn
1358 1648 1382 1735 {AE

381 1745 511 1810 Domino
534 1745 747 1831 Vesperarum
771 1765 833 1810 non
857 1746 1034 1810 recitantur
1056 1743 1205 1829 Vespere
1226 1739 1335 1833 lleluudn
1359 1771 1365 1820 p

383 1853 465 1910 rum,
489 1835 561 1919 quia
585 1854 694 1899 eorum
727 1834 992 1898 Commemoratio
1023 1834 1190 1918 reponitur
1218 1829 1335 1913 insequut
1359 1865 1382 1909 pe

384 1921 443 1986 die.
467 1920 503 1986 ld
526 1922 630 2007 ipsum
654 1921 779 1997 accidit,
796 1921 848 1987 ubi
867 1942 938 1986 cras
955 1928 1105 1986 occurrat
1121 1920 1243 1985 Festum
1256 1918 1337 2011 depo
1360 1957 1363 1978 ,

385 2017 476 2095 cepto
500 2010 532 2074 in
555 2010 647 2087 Foro,
671 2018 725 2075 aut
753 2010 882 2076 llestum
914 2009 1030 2096 duplex
1060 2009 1164 2095 majus
1194 2008 1240 2072 vel
1263 2004 1336 2071 altien
1362 2026 1382 2086 p

383 2100 474 2164 ritus.
499 2097 534 2163 lo
557 2098 643 2163 hisce
667 2100 750 2163 enim
774 2099 900 2163 casibus
923 2098 1071 2183 Vesperae
1095 2085 1338 2163 Defuncuruod
1365 2115 1381 2174 ,ᾗ

380 2187 556 2273 junguntur
579 2188 618 2253 ad
641 2185 797 2253 secundas
820 2187 976 2272 Vesperas
999 2186 1071 2262 diei,
1097 2207 1167 2273 quse
1189 2183 1340 2271 prosince
1366 2220 1382 2248 e

383 2296 454 2343 rum
479 2275 794 2341 Commemorationis
819 2276 1059 2341 translationem
1082 2274 1247 2341 antecedit.
1369 2309 1382 2351 :‚·

431 2363 481 2429 lV.
506 2364 564 2430 Ubi
586 2365 714 2430 Festum
746 2362 795 2429 Ss.
828 2363 966 2429 Simonis
998 2370 1029 2428 et
1059 2362 1151 2429 Judae
1175 2359 1341 2450 Apostolum
1374 2400 1382 2442 Ι

386 2453 567 2519 celebratur
582 2455 644 2519 ritu
662 2453 780 2540 duplici
797 2455 906 2539 primae
924 2453 1036 2519 classis
1053 2473 1127 2518 cum
1143 2452 1263 2527 Octavo,
1275 2443 1342 2512 isdn

345 2614 348 2623 ,
384 2542 510 2610 Octavae
533 2545 673 2609 omnium
696 2542 885 2607 Sanctorum
902 2539 1099 2629 praelereuda
1116 2551 1175 2607 est.
1195 2537 1284 2607 Couul.
1297 2526 1342 2599 ul
1376 2560 1382 2618 3

385 2655 410 2698 c.
436 2631 452 2696 l
478 2631 507 2695 d.
530 2632 573 2696 m
595 2655 625 2697 n.
650 2632 701 2696 ll.
737 2630 864 2707 Gonsole
887 2651 1006 2717 quoqne
1034 2630 1176 2717 superius
1199 2651 1224 2695 c.
1246 2628 1302 2692 lo.
1317 2613 1344 2682 O·
1377 2677 1382 2708 1

385 2718 490 2799 Quare
512 2719 677 2786 lectiones
701 2719 786 2784 tertii
807 2719 961 2785 Nocturni
985 2738 1043 2805 pro
1067 2718 1120 2783 die
1143 2725 1230 2784 sexta
1251 2713 1346 2806 etseplr

386 2828 438 2873 ma
461 2806 543 2872 inlra
566 2806 716 2873 Octavam
740 2807 789 2873 Ss.
813 2808 1040 2893 Apostolorum
1064 2815 1215 2892 petentur
1234 2825 1268 2871 cx
1291 2803 1349 2864 teror
1378 2844 1382 2879 :

388 2903 419 2959 et
442 2905 554 2982 quarta
578 2897 628 2961 die
659 2898 689 2960 in
722 2894 887 2961 Octavario
920 2896 1084 2968 Romano;
1109 2897 1142 2961 in
1165 2896 1257 2960 llissa
1274 2879 1349 2954 verul
1379 2927 1382 2969 3

386 2982 493 3048 Oratio
511 2984 571 3049 erit
587 2984 626 3049 dc
642 2983 759 3050 Octava
776 2986 917 3050 omnium
934 2983 1136 3060 Sanctorum,
1151 2983 1169 3049 5
1186 2979 1304 3050 Concede
1314 2989 1350 3039 nt·
1380 2984 1381 2988 ’

430 3070 465 3136 V.
490 3070 574 3137 lnlra
598 3071 748 3139 Octavam
772 3075 913 3151 omnium
930 3072 1133 3149 Sanctorum,
1152 3079 1262 3138 cuncta
1274 3057 1353 3154 pcrsd

385 3169 502 3226 vuntur
526 3169 560 3225 ut
588 3161 631 3226 ibi
655 3171 687 3226 et
714 3163 747 3226 iu
769 3160 861 3227 testo.
894 3161 988 3226 dlissa
1016 3161 1135 3245 legitur
1167 3170 1203 3226 ut
1232 3161 1262 3225 in
1288 3143 1353 3226 died

385 3247 494 3314 Oratio
518 3256 567 3314 est
590 3247 629 3315 de
652 3249 771 3336 Spiritu
795 3249 923 3325 Sancto,
942 3249 960 3313 5
976 3247 1125 3315 Ecclesioe
1147 3250 1199 3315 vel
1221 3268 1274 3334 pro
1292 3243 1354 3325 rap.

386 3338 420 3404 Si
443 3337 524 3403 inira
548 3336 698 3404 Octavam
730 3337 810 3404 hauc
843 3337 976 3422 legenda
1009 3338 1051 3403 sit
1081 3338 1180 3402 Missa
1210 3328 1357 3425 Sapientior

387 3428 426 3492 de
448 3427 612 3492 Communi
630 3427 839 3514 plurimorum
863 3427 1048 3513 Martyrum,
1073 3414 1357 3492 commutabiturSs

386 3524 473 3581 creta
496 3513 622 3581 Octavo
645 3517 781 3600 (utpote
803 3513 915 3580 codem
938 3535 975 3579 ao
997 3513 1124 3601 altera)
1148 3522 1181 3580 ct
1203 3516 1235 3580 in
1260 3511 1316 3598 ejus
1331 3505 1358 3603 lu

387 3624 459 3669 cum
483 3604 694 3670 substituetur
717 3604 818 3690 prima
842 3623 880 3668 cx
912 3602 1044 3679 diuersis
1077 3623 1150 3690 quae
1173 3603 1361 3691 suppetoutu

385 3691 446 3757 doe
468 3693 604 3758 lllissalis
627 3711 740 3777 nempe
767 3691 880 3756 oetaeo
904 3700 963 3756 etc.

330 3779 373 3843 “l.
395 3814 439 3827 -
461 3779 485 3844 l.
509 3781 543 3845 Si
560 3780 824 3846 Commemoratio
841 3780 982 3845 omnium
999 3777 1157 3847 Fidelium
1173 3778 1362 3846 Defunctum

386 3865 504 3932 incidat
526 3869 557 3934 in
581 3869 787 3944 Dominicanu
811 3867 1004 3934 transfertur
1026 3869 1058 3933 ln
1080 3868 1207 3936 Feriam
1231 3859 1363 3934 secundm

384 3954 613 4038 insequentem.
638 3958 733 4023 Rubr.
757 3957 800 4022 ibi
822 3967 850 4021 et
866 3957 898 4021 S.
916 3955 952 4022 R.
972 3955 1004 4022 0.
1020 3956 1065 4023 ‘ld
1080 3958 1166 4046 Sept.
1191 3957 1272 4024 loos
1287 3948 1364 4017 tuln·

384 4051 501 4129 posteo.
525 4043 605 4111 ltem
627 4047 653 4112 si
677 4045 794 4112 alicubi
817 4044 937 4111 incidat
958 4045 991 4110 in
1020 4043 1153 4113 lesum
1183 4066 1221 4112 cx
1243 4039 1365 4134 precepit
