3484 4875
372 453 439 520 tlt
626 472 721 518 carun
736 472 802 519 vm.
819 472 858 520 uc
873 473 971 521 urssvs
988 474 1149 524 auuvrrrus

347 577 420 643 Orci.
445 578 475 643 S.
500 577 676 664 :lvvpvutv'uvl
702 577 778 657 Quae
802 579 931 663 quidem
957 584 1213 648 commemoratio
1226 582 1252 648 ut
1263 599 1338 668 pontt
1376 597 1387 660 ᾗ

345 667 376 729 in
401 666 608 731 conventuali
634 664 686 731 ubi
711 668 813 732 altera
837 666 877 732 de
901 668 1066 755 liconiam,
1091 681 1126 736 ut
1146 691 1244 756 supra,
1259 681 1339 752 umrtt
1380 685 1390 747 ς

344 752 498 819 lebratur.
524 754 684 819 Praeterea
708 754 800 821 Feria
825 756 968 822 secunda
1005 758 1160 845 cujusque
1181 755 1341 832 Hebdomalm

344 861 407 926 qua
431 842 581 907 nimirum
606 839 751 907 Officium
776 845 884 928 agitur
908 844 947 909 de
971 844 1088 922 Faria,
1115 848 1202 912 llissa
1223 843 1347 932 priucipah.
1388 917 1390 921 ⁸

345 930 407 994 nini
432 938 540 1015 potest
562 949 621 1015 pro
645 928 812 995 Deluuctis
837 929 900 1017 (ut
923 933 956 998 iu
982 931 1214 1019 Quotidianis).
1242 933 1267 998 Si
1287 947 1343 1016 porta¹
1388 970 1390 988 ι

341 1017 440 1083 llissa
464 1018 549 1083 adsit
572 1018 703 1103 propria
729 1017 768 1082 tle
795 1018 889 1085 Faria
913 1021 963 1086 vel
988 1021 1027 1086 de
1052 1021 1147 1088 Festo
1170 1021 1293 1108 simplici,
1311 1021 1344 1082 (6
1379 1032 1388 1092 t

343 1106 371 1169 si
390 1106 509 1172 resumi
526 1113 674 1191 oporteat
690 1106 821 1171 Missam
839 1106 1014 1174 Dominicae
1032 1110 1235 1194 praecedentis
1247 1117 1346 1192 novum
1382 1143 1390 1182 -,

344 1201 420 1266 tuuc
445 1195 477 1259 iu
501 1193 596 1258 llissa
621 1193 682 1258 diei
707 1196 889 1270 currentis,
912 1196 1011 1262 etiam
1034 1197 1248 1272 Conventuali‚
1264 1203 1347 1264 nmo
1382 1242 1390 1266 ,ι

342 1283 480 1347 nroratio
504 1282 610 1366 agitur
646 1280 705 1368 (uti
725 1281 792 1366 jam
818 1282 989 1370 ediximus)
1014 1304 1074 1369 pro
1098 1285 1257 1351 Defunctis.
1273 1279 1347 1348 son
1383 1316 1390 1342 ι

343 1370 411 1434 nim
437 1370 489 1435 ubi
516 1368 682 1445 cilicium,
706 1371 752 1434 uti
777 1390 901 1456 supra,
925 1371 1022 1437 llissa
1047 1375 1178 1460 propria
1198 1377 1350 1466 carmtntp
1384 1403 1390 1442 a

343 1458 474 1523 Missam
499 1457 671 1523 [lominica
695 1462 867 1542 praeteritae
891 1460 1014 1525 resumi
1039 1479 1173 1527 necesse
1194 1462 1249 1536 sit,
1265 1468 1350 1530 tue·

345 1547 465 1612 omissa
488 1546 583 1611 Missa
608 1546 816 1611 conventuali
842 1547 881 1612 dc
904 1546 1055 1633 Requicm
1079 1548 1128 1634 (ut
1143 1551 1174 1617 in
1190 1538 1351 1628 Quotilim'ulr

347 1634 561 1698 substituatur
583 1634 634 1699 vel
658 1633 762 1698 votiva
787 1633 826 1699 de
852 1633 909 1700 SS.
934 1635 1093 1702 Trinitate
1117 1636 1227 1725 (juxto
1247 1629 1354 1702 liciace

345 1722 367 1785 4
390 1743 420 1786 n.
446 1719 491 1806 5)
516 1722 565 1785 vel
588 1721 627 1785 de
650 1721 816 1787 [lominica
840 1722 1058 1809 praecedeuti,
1083 1735 1139 1790 aut
1163 1725 1200 1791 (le
1220 1724 1293 1789 cesto
1309 1717 1354 1782 rte

345 1809 422 1893 plici
445 1817 647 1885 occurrente,
671 1811 704 1874 iu
728 1809 789 1874 hoo
813 1830 940 1896 quoque
965 1832 1042 1877 casu
1068 1833 1133 1878 non
1159 1801 1355 1902 monnulus!

347 1898 484 1961 strictim
510 1898 653 1982 privatis
678 1917 787 1964 verum
813 1899 910 1964 etiam
933 1899 964 1964 in
990 1899 1200 1966 conventuali
1220 1895 1355 1984 agentem

345 1986 520 2050 universim
544 1988 806 2052 commemoratio
832 2006 890 2072 pro
914 1986 1091 2064 crienciis,
1115 1989 1360 2075 repententes

346 2073 584 2139 nimadversum
608 2083 668 2140 est.
704 2074 868 2160 Excipitur
903 2075 1113 2142 nihilominus
1149 2071 1361 2160 Quadragntnn

350 2170 451 2228 totum
477 2170 602 2248 tempus
626 2163 792 2239 Paschale‚
816 2183 855 2228 ae
880 2162 948 2233 dies
972 2164 1075 2249 quivis
1111 2175 1171 2252 per'
1204 2181 1301 2231 anuum
1323 2171 1362 2240 pt

348 2249 494 2318 Officium
517 2259 633 2336 agatur
656 2249 773 2334 duplex
796 2252 845 2315 vel
862 2252 1063 2338 semiduplex
1080 2274 1089 2328 3
1106 2254 1196 2319 hisce
1211 2254 1362 2340 quippme

346 2341 479 2426 poribus
503 2340 662 2405 omittitur
685 2339 782 2404 Missa
804 2338 1030 2406 conventualis
1052 2361 1111 2426 pro
1130 2340 1363 2430 Defunctismottt

347 2449 407 2515 pro
432 2430 477 2495 eis
501 2429 536 2495 fit
560 2427 833 2494 commemoratio.
858 2427 954 2495 anor.
981 2428 1026 2494 tit.
1045 2431 1064 2494 5
1081 2453 1112 2496 n.
1131 2430 1162 2495 6.
1180 2422 1364 2496 Vernnonu

346 2539 406 2603 pro
430 2519 584 2603 singulari
609 2514 777 2591 Defuncto,
802 2522 877 2601 puta
902 2516 1021 2583 leelina
1045 2518 1096 2583 vel
1123 2517 1207 2583 Deus
1223 2506 1371 2607 quianlr:

349 2617 438 2681 trem,
474 2606 603 2692 adjungi
627 2611 744 2690 potest,
768 2605 946 2689 penultimo
981 2605 1052 2668 loco
1088 2615 1163 2670 ante
1195 2605 1373 2695 collectasJ¹²

348 2714 550 2779 quacumque
574 2693 670 2758 Missa
695 2693 848 2768 vivorum,
873 2699 991 2778 praeter
1015 2691 1262 2760 Conventualem
1282 2711 1312 2758 ae
1326 2684 1376 2751 llic

349 2801 418 2845 sam
444 2800 516 2845 cum
540 2788 646 2855 cantu,
671 2779 783 2846 diebus
807 2781 955 2864 siugulis,
980 2780 1095 2864 quibus
1114 2781 1246 2868 privatae
1262 2767 1377 2871 11111616Ι

348 2869 471 2954 Requie
494 2889 558 2933 non
581 2867 814 2952 prohihentur;
839 2867 896 2932 sed
920 2867 961 2933 ob
986 2867 1017 2932 id
1041 2870 1173 2934 minime
1189 2869 1238 2936 las
1254 2878 1298 2935 cst
1313 2863 1390 2932 ult!¹

350 2957 555 3043 praetermitti
579 2975 622 3031 ex,
640 2954 845 3028 Orationibus
869 2975 928 3041 pro
954 2963 1099 3042 tempore
1124 2957 1303 3041 assignatis,
1319 2962 1378 3045 vp-

351 3047 379 3111 Α
403 3045 520 3109 cunctis
545 3052 605 3109 etc.
629 3044 661 3114 S.
686 3044 722 3109 R.
750 3044 782 3110 c.
807 3045 828 3108 1
852 3043 925 3109 Dec.
952 3043 1038 3109 1664
1056 3045 1088 3109 io
1103 3067 1167 3109 uno
1188 3045 1261 3110 Orci.
1280 3045 1381 3110 corut&

350 3133 459 3220 Repeti.
483 3132 631 3202 coleron.
657 3131 699 3197 cd
722 3131 741 3197 6
766 3141 795 3197 ct
817 3131 860 3196 65
877 3131 955 3217 maj.
974 3132 1060 3198 taos
1079 3132 1111 3197 ic
1126 3133 1315 3199 Namarccn.
1328 3122 1384 3195 coll·

492 3315 557 3381 lle
578 3314 790 3398 qualltato
810 3312 955 3379 Mlssoe
975 3313 1304 3407 llotunetorum¹

596 3423 640 3485 et
660 3438 748 3501 quo
768 3419 898 3483 morlo
919 3418 1182 3484 celebranda

418 3577 472 3644 66.
497 3576 533 3645 ln
557 3575 610 3644 vlle
633 3574 740 3640 obitus
765 3579 797 3638 et
819 3591 879 3658 pro
904 3571 953 3637 die
977 3573 1085 3639 obitus
1109 3572 1221 3661 (idest
1243 3579 1317 3659 post
1335 3561 1390 3636 lull

355 3673 419 3729 tam
442 3666 549 3732 obitus
573 3660 754 3749 notitiam),
778 3680 837 3726 nec
861 3679 926 3725 non
950 3660 1001 3726 die
1025 3662 1132 3739 tertia,
1157 3662 1307 3747 septima,
1330 3658 1390 3740 trip

353 3753 434 3829 sima
458 3760 491 3817 et
514 3752 732 3818 anniversaria
767 3748 892 3815 Summi
928 3748 1114 3825 Ponticam,
1150 3747 1390 3816 cardinaliumt

353 3832 587 3925 cpiscoporum
611 3839 794 3905 celebratur
819 3836 922 3922 prima
947 3857 985 3902 cx
1009 3845 1147 3922 quatuor
1176 3836 1283 3902 llissis
1307 3837 1345 3902 de
1364 3832 1390 3899 ll«

354 3928 438 4013 quie,
462 3948 533 4013 quae
556 3928 721 3994 extantia
745 3925 880 4000 llissali,
905 3943 977 3990 cum
1002 3923 1208 3990 Orationibus
1224 3926 1341 4010 cuique
1356 3941 1390 4010 pn

353 4016 456 4107 priis,
481 4036 552 4105 quae
576 4022 650 4104 post
681 4014 814 4084 llissam
848 4012 1069 4104 quotidianam
1091 4013 1311 4100 assignantur.
1335 4010 1390 4083 aet
