<?xml version="1.0" encoding="UTF-8"?>
<!DOCTYPE html PUBLIC "-//W3C//DTD XHTML 1.0 Transitional//EN"
    "http://www.w3.org/TR/xhtml1/DTD/xhtml1-transitional.dtd">
<html xmlns="http://www.w3.org/1999/xhtml" xml:lang="en" lang="en">
 <head>
  <title>
</title>
<meta http-equiv="Content-Type" content="text/html;charset=utf-8" />
  <meta name='ocr-system' content='tesseract 3.04.00' />
  <meta name='ocr-capabilities' content='ocr_page ocr_carea ocr_par ocr_line ocrx_word'/>
</head>
<body>
  <div class='ocr_page' id='page_1' title='image "./kalendariumperp00carpgoog_0166.png"; bbox 0 0 3484 4875; ppageno 0'>
   <div class='ocr_carea' id='block_1_1' title="bbox 374 488 1156 554">
    <p class='ocr_par' dir='ltr' id='par_1_1' title="bbox 374 488 1156 554">
     <span class='ocr_line' id='line_1_1' title="bbox 374 488 1156 554; baseline 0 0"><span class='ocrx_word' id='word_1_1' title='bbox 374 488 439 554; x_wconf 73' lang='lat' dir='ltr'><strong>lbi</strong></span> <span class='ocrx_word' id='word_1_2' title='bbox 623 506 1156 554; x_wconf 78' lang='lat' dir='ltr'><strong>auuorarroursirrnsraranmao</strong></span> 
     </span>
    </p>
   </div>
   <div class='ocr_carea' id='block_1_2' title="bbox 392 613 1443 1759">
    <p class='ocr_par' dir='ltr' id='par_1_2' title="bbox 392 613 1443 1759">
     <span class='ocr_line' id='line_1_2' title="bbox 395 613 1417 699; baseline 0.002 -22"><span class='ocrx_word' id='word_1_3' title='bbox 395 614 464 679; x_wconf 73' lang='lat' dir='ltr'><strong>aab</strong></span> <span class='ocrx_word' id='word_1_4' title='bbox 490 623 519 679; x_wconf 87' lang='lat' dir='ltr'><strong>et</strong></span> <span class='ocrx_word' id='word_1_5' title='bbox 542 614 643 699; x_wconf 76' lang='lat' dir='ltr'><strong>peccel.</strong></span> <span class='ocrx_word' id='word_1_6' title='bbox 667 614 776 680; x_wconf 72' lang='lat' dir='ltr'><strong>nttt</strong></span> <span class='ocrx_word' id='word_1_7' title='bbox 804 614 1064 681; x_wconf 67' lang='lat' dir='ltr'><strong>ncubare</strong></span> <span class='ocrx_word' id='word_1_8' title='bbox 1087 613 1417 694; x_wconf 70' lang='lat' dir='ltr'><strong>Martialium,</strong></span> 
     </span>
     <span class='ocr_line' id='line_1_3' title="bbox 399 701 1400 788; baseline 0.005 -21"><span class='ocrx_word' id='word_1_9' title='bbox 399 701 473 767; x_wconf 81' lang='lat' dir='ltr'><strong>aro.</strong></span> <span class='ocrx_word' id='word_1_10' title='bbox 493 702 583 768; x_wconf 84' lang='lat' dir='ltr'><strong>Milit.</strong></span> <span class='ocrx_word' id='word_1_11' title='bbox 601 702 748 788; x_wconf 76' lang='lat' dir='ltr'><strong>Equittoa</strong></span> <span class='ocrx_word' id='word_1_12' title='bbox 768 702 840 769; x_wconf 78' lang='lat' dir='ltr'><strong>cur.</strong></span> <span class='ocrx_word' id='word_1_13' title='bbox 858 702 935 767; x_wconf 72' lang='lat' dir='ltr'><strong>adu</strong></span> <span class='ocrx_word' id='word_1_14' title='bbox 957 713 986 767; x_wconf 87' lang='lat' dir='ltr'><strong>et</strong></span> <span class='ocrx_word' id='word_1_15' title='bbox 1002 702 1033 768; x_wconf 81' lang='lat'><strong>5.</strong></span> <span class='ocrx_word' id='word_1_16' title='bbox 1056 702 1146 769; x_wconf 83' lang='lat' dir='ltr'><strong>inira</strong></span> <span class='ocrx_word' id='word_1_17' title='bbox 1170 704 1254 771; x_wconf 88' lang='lat' dir='ltr'><strong>banc</strong></span> <span class='ocrx_word' id='word_1_18' title='bbox 1277 703 1400 772; x_wconf 82' lang='grc' dir='ltr'>θιιιιιιι</span> 
     </span>
     <span class='ocr_line' id='line_1_4' title="bbox 395 790 1401 876; baseline 0.002 -19"><span class='ocrx_word' id='word_1_19' title='bbox 395 791 486 857; x_wconf 89' lang='lat' dir='ltr'><strong>locos</strong></span> <span class='ocrx_word' id='word_1_20' title='bbox 503 811 566 856; x_wconf 87' lang='lat' dir='ltr'><strong>oon</strong></span> <span class='ocrx_word' id='word_1_21' title='bbox 590 790 686 856; x_wconf 89' lang='lat' dir='ltr'><strong>dator</strong></span> <span class='ocrx_word' id='word_1_22' title='bbox 709 790 828 876; x_wconf 82' lang='lat' dir='ltr'>duplici</span> <span class='ocrx_word' id='word_1_23' title='bbox 852 791 964 876; x_wconf 79' lang='lat' dir='ltr'><strong>prima</strong></span> <span class='ocrx_word' id='word_1_24' title='bbox 981 792 1096 857; x_wconf 88' lang='lat' dir='ltr'><strong>classis</strong></span> <span class='ocrx_word' id='word_1_25' title='bbox 1113 795 1284 860; x_wconf 81' lang='lat' dir='ltr'><strong>translato.</strong></span> <span class='ocrx_word' id='word_1_26' title='bbox 1298 794 1328 859; x_wconf 84' lang='lat' dir='ltr'><strong>S.</strong></span> <span class='ocrx_word' id='word_1_27' title='bbox 1340 793 1368 860; x_wconf 82' lang='lat' dir='ltr'><strong>ll.</strong></span> <span class='ocrx_word' id='word_1_28' title='bbox 1380 796 1401 861; x_wconf 84' lang='lat' dir='ltr'><strong>d.</strong></span> 
     </span>
     <span class='ocr_line' id='line_1_5' title="bbox 396 879 1399 964; baseline 0.004 -21"><span class='ocrx_word' id='word_1_29' title='bbox 396 880 433 944; x_wconf 75' lang='lat' dir='ltr'><strong>bl</strong></span> <span class='ocrx_word' id='word_1_30' title='bbox 455 880 533 964; x_wconf 79' lang='lat' dir='ltr'><strong>Maj.</strong></span> <span class='ocrx_word' id='word_1_31' title='bbox 554 879 636 944; x_wconf 85' lang='lat' dir='ltr'><strong>l8l7</strong></span> <span class='ocrx_word' id='word_1_32' title='bbox 652 881 685 943; x_wconf 76' lang='lat' dir='ltr'><strong>ic</strong></span> <span class='ocrx_word' id='word_1_33' title='bbox 704 879 928 945; x_wconf 79' lang='lat' dir='ltr'><strong>Conimbricca.</strong></span> <span class='ocrx_word' id='word_1_34' title='bbox 953 879 995 944; x_wconf 85' lang='lat' dir='ltr'><strong>ud</strong></span> <span class='ocrx_word' id='word_1_35' title='bbox 1020 880 1035 944; x_wconf 92' lang='lat' dir='ltr'><strong>l</strong></span> <span class='ocrx_word' id='word_1_36' title='bbox 1062 890 1092 946; x_wconf 87' lang='lat' dir='ltr'><strong>et</strong></span> <span class='ocrx_word' id='word_1_37' title='bbox 1111 879 1219 947; x_wconf 70' lang='grc' dir='ltr'><strong>δοιαὶ.</strong></span> <span class='ocrx_word' id='word_1_38' title='bbox 1243 882 1318 947; x_wconf 74' lang='lat' dir='ltr'><strong>tul</strong></span> <span class='ocrx_word' id='word_1_39' title='bbox 1339 883 1399 947; x_wconf 76' lang='lat' dir='ltr'><strong>cll</strong></span> 
     </span>
     <span class='ocr_line' id='line_1_6' title="bbox 394 966 1403 1055; baseline 0.004 -24"><span class='ocrx_word' id='word_1_40' title='bbox 394 989 425 1032; x_wconf 83' lang='lat' dir='ltr'><strong>a.</strong></span> <span class='ocrx_word' id='word_1_41' title='bbox 449 968 481 1031; x_wconf 72' lang='lat'><strong>2.</strong></span> <span class='ocrx_word' id='word_1_42' title='bbox 506 967 557 1033; x_wconf 80' lang='lat' dir='ltr'><strong>Fit</strong></span> <span class='ocrx_word' id='word_1_43' title='bbox 582 976 688 1032; x_wconf 92' lang='lat' dir='ltr'><strong>tamen</strong></span> <span class='ocrx_word' id='word_1_44' title='bbox 712 967 976 1033; x_wconf 80' lang='lat' dir='ltr'><strong>commemoratio</strong></span> <span class='ocrx_word' id='word_1_45' title='bbox 1000 966 1040 1032; x_wconf 92' lang='lat' dir='ltr'><strong>de</strong></span> <span class='ocrx_word' id='word_1_46' title='bbox 1063 967 1212 1055; x_wconf 83' lang='lat' dir='ltr'><strong>Simplici</strong></span> <span class='ocrx_word' id='word_1_47' title='bbox 1241 980 1403 1037; x_wconf 82' lang='lat' dir='ltr'><strong>occurrente</strong></span> 
     </span>
     <span class='ocr_line' id='line_1_7' title="bbox 396 1054 1443 1160; baseline 0.003 -40"><span class='ocrx_word' id='word_1_48' title='bbox 396 1074 468 1120; x_wconf 87' lang='lat' dir='ltr'><strong>cum</strong></span> <span class='ocrx_word' id='word_1_49' title='bbox 496 1075 578 1120; x_wconf 92' lang='lat' dir='ltr'><strong>nona</strong></span> <span class='ocrx_word' id='word_1_50' title='bbox 601 1054 763 1132; x_wconf 83' lang='lat' dir='ltr'><strong>Lectione,</strong></span> <span class='ocrx_word' id='word_1_51' title='bbox 786 1055 813 1119; x_wconf 91' lang='lat' dir='ltr'><strong>si</strong></span> <span class='ocrx_word' id='word_1_52' title='bbox 837 1056 1002 1142; x_wconf 89' lang='lat' dir='ltr'><strong>propriam</strong></span> <span class='ocrx_word' id='word_1_53' title='bbox 1027 1056 1155 1122; x_wconf 90' lang='lat' dir='ltr'><strong>habeat.</strong></span> <span class='ocrx_word' id='word_1_54' title='bbox 1440 1117 1443 1160; x_wconf 53' lang='grc'>1</span> 
     </span>
     <span class='ocr_line' id='line_1_8' title="bbox 439 1142 1443 1228; baseline 0.005 -21"><span class='ocrx_word' id='word_1_55' title='bbox 439 1142 520 1209; x_wconf 87' lang='lat' dir='ltr'><strong>Vlll.</strong></span> <span class='ocrx_word' id='word_1_56' title='bbox 546 1142 697 1222; x_wconf 81' lang='lat' dir='ltr'><strong>Quamvis</strong></span> <span class='ocrx_word' id='word_1_57' title='bbox 713 1142 852 1219; x_wconf 79' lang='lat' dir='ltr'><strong>Octava,</strong></span> <span class='ocrx_word' id='word_1_58' title='bbox 870 1164 941 1228; x_wconf 80' lang='lat' dir='ltr'><strong>qtrae</strong></span> <span class='ocrx_word' id='word_1_59' title='bbox 958 1164 1022 1209; x_wconf 95' lang='lat' dir='ltr'><strong>non</strong></span> <span class='ocrx_word' id='word_1_60' title='bbox 1047 1153 1123 1210; x_wconf 91' lang='lat' dir='ltr'><strong>sunt</strong></span> <span class='ocrx_word' id='word_1_61' title='bbox 1138 1146 1172 1211; x_wconf 92' lang='lat' dir='ltr'><strong>in</strong></span> <span class='ocrx_word' id='word_1_62' title='bbox 1188 1146 1348 1212; x_wconf 87' lang='lat' dir='ltr'><strong>Breuiario</strong></span> <span class='ocrx_word' id='word_1_63' title='bbox 1362 1146 1404 1211; x_wconf 83' lang='lat' dir='ltr'><strong>llo·</strong></span> <span class='ocrx_word' id='word_1_64' title='bbox 1439 1171 1443 1224; x_wconf 84' lang='grc' dir='ltr'><strong>ι,</strong></span> 
     </span>
     <span class='ocr_line' id='line_1_9' title="bbox 395 1227 1443 1321; baseline 0.009 -24"><span class='ocrx_word' id='word_1_65' title='bbox 395 1250 502 1308; x_wconf 90' lang='lat' dir='ltr'><strong>mano,</strong></span> <span class='ocrx_word' id='word_1_66' title='bbox 518 1230 729 1297; x_wconf 79' lang='lat' dir='ltr'><strong>excludamur</strong></span> <span class='ocrx_word' id='word_1_67' title='bbox 745 1253 764 1297; x_wconf 95' lang='lat' dir='ltr'><strong>a</strong></span> <span class='ocrx_word' id='word_1_68' title='bbox 781 1232 832 1297; x_wconf 91' lang='lat' dir='ltr'><strong>die</strong></span> <span class='ocrx_word' id='word_1_69' title='bbox 849 1232 890 1297; x_wconf 87' lang='lat' dir='ltr'><strong>t7</strong></span> <span class='ocrx_word' id='word_1_70' title='bbox 909 1232 1096 1297; x_wconf 81' lang='lat' dir='ltr'><strong>Decembris</strong></span> <span class='ocrx_word' id='word_1_71' title='bbox 1115 1253 1218 1319; x_wconf 88' lang='lat' dir='ltr'><strong>usquc</strong></span> <span class='ocrx_word' id='word_1_72' title='bbox 1236 1233 1275 1300; x_wconf 94' lang='lat' dir='ltr'><strong>ad</strong></span> <span class='ocrx_word' id='word_1_73' title='bbox 1292 1234 1403 1321; x_wconf 76' lang='lat' dir='ltr'><strong>Epipba·</strong></span> <span class='ocrx_word' id='word_1_74' title='bbox 1440 1227 1443 1306; x_wconf 71' lang='grc' dir='ltr'>ἶ</span> 
     </span>
     <span class='ocr_line' id='line_1_10' title="bbox 397 1319 1443 1408; baseline 0.002 -24"><span class='ocrx_word' id='word_1_75' title='bbox 397 1321 494 1393; x_wconf 88' lang='lat' dir='ltr'><strong>niam,</strong></span> <span class='ocrx_word' id='word_1_76' title='bbox 509 1319 691 1406; x_wconf 84' lang='lat' dir='ltr'><strong>hujusmodi</strong></span> <span class='ocrx_word' id='word_1_77' title='bbox 706 1328 810 1385; x_wconf 90' lang='lat' dir='ltr'><strong>tamen</strong></span> <span class='ocrx_word' id='word_1_78' title='bbox 823 1320 963 1385; x_wconf 78' lang='lat' dir='ltr'><strong>Robrica</strong></span> <span class='ocrx_word' id='word_1_79' title='bbox 977 1320 1017 1385; x_wconf 90' lang='lat' dir='ltr'><strong>ad</strong></span> <span class='ocrx_word' id='word_1_80' title='bbox 1031 1320 1186 1387; x_wconf 85' lang='lat' dir='ltr'><strong>Octavam</strong></span> <span class='ocrx_word' id='word_1_81' title='bbox 1199 1321 1340 1408; x_wconf 87' lang='lat' dir='ltr'><strong>ejusdem</strong></span> <span class='ocrx_word' id='word_1_82' title='bbox 1352 1322 1404 1408; x_wconf 81' lang='lat' dir='ltr'><strong>lipi-</strong></span> <span class='ocrx_word' id='word_1_83' title='bbox 1441 1335 1443 1358; x_wconf 81' lang='lat'>²</span> 
     </span>
     <span class='ocr_line' id='line_1_11' title="bbox 394 1407 1405 1496; baseline 0.004 -26"><span class='ocrx_word' id='word_1_84' title='bbox 394 1408 519 1493; x_wconf 90' lang='lat' dir='ltr'><strong>pbaniae</strong></span> <span class='ocrx_word' id='word_1_85' title='bbox 538 1429 611 1473; x_wconf 89' lang='lat' dir='ltr'><strong>sese</strong></span> <span class='ocrx_word' id='word_1_86' title='bbox 628 1409 758 1473; x_wconf 88' lang='lat' dir='ltr'><strong>minima</strong></span> <span class='ocrx_word' id='word_1_87' title='bbox 774 1408 926 1474; x_wconf 86' lang='lat' dir='ltr'><strong>extendit.</strong></span> <span class='ocrx_word' id='word_1_88' title='bbox 944 1407 1150 1495; x_wconf 81' lang='lat' dir='ltr'><strong>Quapropter</strong></span> <span class='ocrx_word' id='word_1_89' title='bbox 1165 1409 1262 1475; x_wconf 82' lang='lat' dir='ltr'><strong>Festa</strong></span> <span class='ocrx_word' id='word_1_90' title='bbox 1280 1411 1405 1496; x_wconf 86' lang='lat' dir='ltr'><strong>qualibet</strong></span> 
     </span>
     <span class='ocr_line' id='line_1_12' title="bbox 394 1496 1403 1583; baseline 0.001 -22"><span class='ocrx_word' id='word_1_91' title='bbox 394 1496 621 1571; x_wconf 86' lang='lat' dir='ltr'><strong>Dedicatioois,</strong></span> <span class='ocrx_word' id='word_1_92' title='bbox 638 1496 791 1562; x_wconf 85' lang='lat' dir='ltr'><strong>Titularis</strong></span> <span class='ocrx_word' id='word_1_93' title='bbox 809 1505 864 1562; x_wconf 88' lang='lat' dir='ltr'><strong>aut</strong></span> <span class='ocrx_word' id='word_1_94' title='bbox 880 1497 1012 1562; x_wconf 88' lang='lat' dir='ltr'><strong>Patroni</strong></span> <span class='ocrx_word' id='word_1_95' title='bbox 1029 1498 1231 1583; x_wconf 89' lang='lat' dir='ltr'><strong>principalis,</strong></span> <span class='ocrx_word' id='word_1_96' title='bbox 1255 1518 1324 1583; x_wconf 86' lang='lat' dir='ltr'><strong>qoae</strong></span> <span class='ocrx_word' id='word_1_97' title='bbox 1340 1497 1403 1563; x_wconf 88' lang='lat' dir='ltr'><strong>inira</strong></span> 
     </span>
     <span class='ocr_line' id='line_1_13' title="bbox 393 1584 1403 1671; baseline -0.002 -20"><span class='ocrx_word' id='word_1_98' title='bbox 393 1585 546 1651; x_wconf 77' lang='lat' dir='ltr'><strong>Octavam</strong></span> <span class='ocrx_word' id='word_1_99' title='bbox 570 1584 754 1670; x_wconf 80' lang='lat' dir='ltr'><strong>llpipbaniro</strong></span> <span class='ocrx_word' id='word_1_100' title='bbox 778 1586 897 1651; x_wconf 89' lang='lat' dir='ltr'><strong>alicubi</strong></span> <span class='ocrx_word' id='word_1_101' title='bbox 921 1592 1113 1671; x_wconf 83' lang='lat' dir='ltr'><strong>occurrunt,</strong></span> <span class='ocrx_word' id='word_1_102' title='bbox 1144 1605 1202 1651; x_wconf 91' lang='lat' dir='ltr'><strong>sua</strong></span> <span class='ocrx_word' id='word_1_103' title='bbox 1229 1606 1292 1652; x_wconf 90' lang='lat' dir='ltr'><strong>non</strong></span> <span class='ocrx_word' id='word_1_104' title='bbox 1317 1593 1403 1652; x_wconf 87' lang='lat' dir='ltr'><strong>carent</strong></span> 
     </span>
     <span class='ocr_line' id='line_1_14' title="bbox 392 1671 1402 1759; baseline -0.002 -20"><span class='ocrx_word' id='word_1_105' title='bbox 392 1671 522 1739; x_wconf 85' lang='lat' dir='ltr'><strong>Octava.</strong></span> <span class='ocrx_word' id='word_1_106' title='bbox 549 1672 653 1739; x_wconf 84' lang='lat' dir='ltr'><strong>Cauni.</strong></span> <span class='ocrx_word' id='word_1_107' title='bbox 672 1673 750 1739; x_wconf 67' lang='lat' dir='ltr'><strong>tob</strong></span> <span class='ocrx_word' id='word_1_108' title='bbox 774 1694 801 1739; x_wconf 87' lang='lat' dir='ltr'><strong>c.</strong></span> <span class='ocrx_word' id='word_1_109' title='bbox 820 1674 860 1740; x_wconf 77' lang='lat' dir='ltr'><strong>lb</strong></span> <span class='ocrx_word' id='word_1_110' title='bbox 885 1695 915 1738; x_wconf 84' lang='lat' dir='ltr'><strong>a.</strong></span> <span class='ocrx_word' id='word_1_111' title='bbox 933 1673 964 1739; x_wconf 88' lang='lat' dir='ltr'><strong>a.</strong></span> <span class='ocrx_word' id='word_1_112' title='bbox 988 1674 1071 1740; x_wconf 84' lang='lat' dir='ltr'><strong>Tum</strong></span> <span class='ocrx_word' id='word_1_113' title='bbox 1094 1692 1170 1740; x_wconf 82' lang='lat' dir='ltr'><strong>uero</strong></span> <span class='ocrx_word' id='word_1_114' title='bbox 1187 1672 1333 1741; x_wconf 82' lang='lat' dir='ltr'><strong>Officium</strong></span> <span class='ocrx_word' id='word_1_115' title='bbox 1355 1675 1402 1759; x_wconf 83' lang='lat' dir='ltr'><strong>agi·</strong></span> 
     </span>
    </p>
   </div>
   <div class='ocr_carea' id='block_1_3' title="bbox 599 1848 823 1865">
    <p class='ocr_par' dir='ltr' id='par_1_3' title="bbox 599 1848 823 1865">
     <span class='ocr_line' id='line_1_15' title="bbox 599 1848 823 1865; baseline 0 -4"><span class='ocrx_word' id='word_1_116' title='bbox 599 1848 823 1865; x_wconf 51' lang='lat' dir='ltr'><strong>aa*</strong></span> 
     </span>
    </p>
   </div>
   <div class='ocr_carea' id='block_1_4' title="bbox 347 1954 1407 3546">
    <p class='ocr_par' dir='ltr' id='par_1_4' title="bbox 347 1954 1407 3546">
     <span class='ocr_line' id='line_1_16' title="bbox 348 1954 1406 2034; baseline -0.004 -15"><span class='ocrx_word' id='word_1_117' title='bbox 348 1957 425 2019; x_wconf 87' lang='lat' dir='ltr'><strong>tione</strong></span> <span class='ocrx_word' id='word_1_118' title='bbox 448 1960 572 2018; x_wconf 74' lang='lat' dir='ltr'><strong>Octava.</strong></span> <span class='ocrx_word' id='word_1_119' title='bbox 587 1988 625 2000; x_wconf 90' lang='lat'><strong>-·</strong></span> <span class='ocrx_word' id='word_1_120' title='bbox 639 1959 728 2033; x_wconf 87' lang='lat' dir='ltr'><strong>Resp.</strong></span> <span class='ocrx_word' id='word_1_121' title='bbox 745 1955 785 2015; x_wconf 91' lang='lat' dir='ltr'><strong>uti</strong></span> <span class='ocrx_word' id='word_1_122' title='bbox 801 1954 910 2015; x_wconf 84' lang='lat' dir='ltr'><strong>sebolae</strong></span> <span class='ocrx_word' id='word_1_123' title='bbox 926 1972 987 2016; x_wconf 91' lang='lat' dir='ltr'><strong>mos</strong></span> <span class='ocrx_word' id='word_1_124' title='bbox 1003 1962 1055 2025; x_wconf 89' lang='lat' dir='ltr'><strong>cst,</strong></span> <span class='ocrx_word' id='word_1_125' title='bbox 1079 1954 1115 2015; x_wconf 89' lang='lat' dir='ltr'><strong>ita</strong></span> <span class='ocrx_word' id='word_1_126' title='bbox 1138 1954 1351 2034; x_wconf 84' lang='lat' dir='ltr'><strong>distinguendo.</strong></span> <span class='ocrx_word' id='word_1_127' title='bbox 1365 1959 1406 2017; x_wconf 86' lang='lat' dir='ltr'><strong>lla·</strong></span> 
     </span>
     <span class='ocr_line' id='line_1_17' title="bbox 350 2033 1406 2105; baseline -0.005 -7"><span class='ocrx_word' id='word_1_128' title='bbox 350 2037 430 2098; x_wconf 87' lang='lat' dir='ltr'><strong>brica</strong></span> <span class='ocrx_word' id='word_1_129' title='bbox 462 2054 525 2095; x_wconf 89' lang='lat' dir='ltr'><strong>eam</strong></span> <span class='ocrx_word' id='word_1_130' title='bbox 558 2034 677 2096; x_wconf 80' lang='lat' dir='ltr'><strong>adhibet</strong></span> <span class='ocrx_word' id='word_1_131' title='bbox 705 2033 825 2095; x_wconf 90' lang='lat' dir='ltr'><strong>dicendi</strong></span> <span class='ocrx_word' id='word_1_132' title='bbox 857 2035 1025 2105; x_wconf 80' lang='lat' dir='ltr'><strong>turmulam,</strong></span> <span class='ocrx_word' id='word_1_133' title='bbox 1047 2042 1079 2096; x_wconf 88' lang='lat' dir='ltr'><strong>ut</strong></span> <span class='ocrx_word' id='word_1_134' title='bbox 1098 2038 1183 2097; x_wconf 82' lang='lat' dir='ltr'><strong>Festa</strong></span> <span class='ocrx_word' id='word_1_135' title='bbox 1204 2037 1340 2099; x_wconf 87' lang='lat' dir='ltr'><strong>excludat</strong></span> <span class='ocrx_word' id='word_1_136' title='bbox 1365 2038 1406 2097; x_wconf 89' lang='lat' dir='ltr'><strong>rita</strong></span> 
     </span>
     <span class='ocr_line' id='line_1_18' title="bbox 348 2112 1407 2197; baseline -0.001 -22"><span class='ocrx_word' id='word_1_137' title='bbox 348 2115 486 2176; x_wconf 81' lang='lat' dir='ltr'><strong>interiora</strong></span> <span class='ocrx_word' id='word_1_138' title='bbox 506 2113 675 2193; x_wconf 79' lang='lat' dir='ltr'><strong>duplicibus</strong></span> <span class='ocrx_word' id='word_1_139' title='bbox 699 2114 802 2193; x_wconf 87' lang='lat' dir='ltr'><strong>primae</strong></span> <span class='ocrx_word' id='word_1_140' title='bbox 818 2112 931 2185; x_wconf 88' lang='lat' dir='ltr'><strong>elassis,</strong></span> <span class='ocrx_word' id='word_1_141' title='bbox 946 2114 1082 2188; x_wconf 80' lang='lat' dir='ltr'><strong>noriced03</strong></span> <span class='ocrx_word' id='word_1_142' title='bbox 1099 2122 1130 2175; x_wconf 86' lang='lat' dir='ltr'><strong>ut</strong></span> <span class='ocrx_word' id='word_1_143' title='bbox 1147 2118 1232 2177; x_wconf 80' lang='lat' dir='ltr'><strong>Festa</strong></span> <span class='ocrx_word' id='word_1_144' title='bbox 1250 2134 1360 2197; x_wconf 76' lang='lat' dir='ltr'><strong>otioque</strong></span> <span class='ocrx_word' id='word_1_145' title='bbox 1372 2132 1407 2175; x_wconf 84' lang='lat' dir='ltr'><strong>et·</strong></span> 
     </span>
     <span class='ocr_line' id='line_1_19' title="bbox 348 2191 1405 2275; baseline -0.003 -19"><span class='ocrx_word' id='word_1_146' title='bbox 348 2203 457 2275; x_wconf 75' lang='lat' dir='ltr'><strong>pungat</strong></span> <span class='ocrx_word' id='word_1_147' title='bbox 478 2194 581 2273; x_wconf 79' lang='lat' dir='ltr'><strong>primae</strong></span> <span class='ocrx_word' id='word_1_148' title='bbox 603 2193 702 2253; x_wconf 88' lang='lat' dir='ltr'><strong>classis</strong></span> <span class='ocrx_word' id='word_1_149' title='bbox 730 2201 837 2271; x_wconf 75' lang='lat' dir='ltr'><strong>practer</strong></span> <span class='ocrx_word' id='word_1_150' title='bbox 858 2192 913 2252; x_wconf 87' lang='lat' dir='ltr'><strong>tria</strong></span> <span class='ocrx_word' id='word_1_151' title='bbox 934 2191 983 2252; x_wconf 91' lang='lat' dir='ltr'><strong>illa</strong></span> <span class='ocrx_word' id='word_1_152' title='bbox 1006 2193 1169 2266; x_wconf 85' lang='lat' dir='ltr'><strong>antedicta,</strong></span> <span class='ocrx_word' id='word_1_153' title='bbox 1193 2214 1279 2272; x_wconf 77' lang='lat' dir='ltr'><strong>nego.</strong></span> <span class='ocrx_word' id='word_1_154' title='bbox 1301 2200 1327 2257; x_wconf 88' lang='lat' dir='ltr'><strong>ls</strong></span> <span class='ocrx_word' id='word_1_155' title='bbox 1345 2194 1405 2256; x_wconf 82' lang='lat' dir='ltr'><strong>ania</strong></span> 
     </span>
     <span class='ocr_line' id='line_1_20' title="bbox 349 2271 1407 2353; baseline -0.004 -17"><span class='ocrx_word' id='word_1_156' title='bbox 349 2282 393 2335; x_wconf 89' lang='lat' dir='ltr'><strong>est</strong></span> <span class='ocrx_word' id='word_1_157' title='bbox 413 2283 547 2335; x_wconf 78' lang='lat' dir='ltr'><strong>constans</strong></span> <span class='ocrx_word' id='word_1_158' title='bbox 568 2271 748 2349; x_wconf 78' lang='lat' dir='ltr'><strong>generalium</strong></span> <span class='ocrx_word' id='word_1_159' title='bbox 770 2271 967 2334; x_wconf 77' lang='lat' dir='ltr'><strong>{lubricorum</strong></span> <span class='ocrx_word' id='word_1_160' title='bbox 989 2272 1079 2351; x_wconf 83' lang='lat' dir='ltr'><strong>tylos,</strong></span> <span class='ocrx_word' id='word_1_161' title='bbox 1099 2290 1157 2333; x_wconf 94' lang='lat' dir='ltr'><strong>non</strong></span> <span class='ocrx_word' id='word_1_162' title='bbox 1201 2274 1300 2336; x_wconf 85' lang='lat' dir='ltr'><strong>uidem</strong></span> <span class='ocrx_word' id='word_1_163' title='bbox 1323 2284 1352 2336; x_wconf 92' lang='lat' dir='ltr'><strong>ut</strong></span> <span class='ocrx_word' id='word_1_164' title='bbox 1370 2290 1407 2353; x_wconf 89' lang='lat' dir='ltr'><strong>pcr</strong></span> 
     </span>
     <span class='ocr_line' id='line_1_21' title="bbox 348 2292 1407 2434; baseline -0.002 -21"><span class='ocrx_word' id='word_1_165' title='bbox 348 2353 477 2434; x_wconf 86' lang='lat' dir='ltr'><strong>phrasim</strong></span> <span class='ocrx_word' id='word_1_166' title='bbox 503 2356 648 2431; x_wconf 82' lang='lat' dir='ltr'><strong>Dupliciu</strong></span> <span class='ocrx_word' id='word_1_167' title='bbox 666 2355 779 2429; x_wconf 75' lang='lat' dir='ltr'><strong>primae</strong></span> <span class='ocrx_word' id='word_1_168' title='bbox 800 2354 908 2411; x_wconf 81' lang='lat' dir='ltr'><strong>classic</strong></span> <span class='ocrx_word' id='word_1_169' title='bbox 930 2350 1061 2427; x_wconf 77' lang='lat' dir='ltr'><strong>designat</strong></span> <span class='ocrx_word' id='word_1_170' title='bbox 1083 2292 1247 2415; x_wconf 49' lang='lat' dir='ltr'><strong>Festnboc</strong></span> <span class='ocrx_word' id='word_1_171' title='bbox 1267 2354 1324 2415; x_wconf 89' lang='lat' dir='ltr'><strong>ritu</strong></span> <span class='ocrx_word' id='word_1_172' title='bbox 1343 2355 1407 2416; x_wconf 85' lang='lat' dir='ltr'><strong>dero·</strong></span> 
     </span>
     <span class='ocr_line' id='line_1_22' title="bbox 349 2429 1407 2512; baseline -0.006 -16"><span class='ocrx_word' id='word_1_173' title='bbox 349 2442 421 2504; x_wconf 88' lang='lat' dir='ltr'><strong>rata,</strong></span> <span class='ocrx_word' id='word_1_174' title='bbox 442 2432 492 2495; x_wconf 84' lang='lat' dir='ltr'><strong>scd</strong></span> <span class='ocrx_word' id='word_1_175' title='bbox 516 2441 547 2493; x_wconf 92' lang='lat' dir='ltr'><strong>ut</strong></span> <span class='ocrx_word' id='word_1_176' title='bbox 577 2429 719 2512; x_wconf 80' lang='lat' dir='ltr'><strong>ajarsmodi</strong></span> <span class='ocrx_word' id='word_1_177' title='bbox 751 2434 835 2492; x_wconf 85' lang='lat' dir='ltr'><strong>Festa</strong></span> <span class='ocrx_word' id='word_1_178' title='bbox 857 2429 1027 2508; x_wconf 81' lang='lat' dir='ltr'><strong>singillatim</strong></span> <span class='ocrx_word' id='word_1_179' title='bbox 1049 2450 1082 2492; x_wconf 91' lang='lat' dir='ltr'><strong>ac</strong></span> <span class='ocrx_word' id='word_1_180' title='bbox 1103 2449 1157 2493; x_wconf 92' lang='lat' dir='ltr'><strong>soo</strong></span> <span class='ocrx_word' id='word_1_181' title='bbox 1190 2433 1282 2494; x_wconf 76' lang='lat' dir='ltr'><strong>relicti</strong></span> <span class='ocrx_word' id='word_1_182' title='bbox 1313 2432 1407 2497; x_wconf 87' lang='lat' dir='ltr'><strong>aoniae</strong></span> 
     </span>
     <span class='ocr_line' id='line_1_23' title="bbox 351 2509 1404 2592; baseline -0.002 -18"><span class='ocrx_word' id='word_1_183' title='bbox 351 2513 470 2588; x_wconf 84' lang='lat' dir='ltr'><strong>indicet3</strong></span> <span class='ocrx_word' id='word_1_184' title='bbox 492 2530 582 2592; x_wconf 89' lang='lat' dir='ltr'><strong>qnare</strong></span> <span class='ocrx_word' id='word_1_185' title='bbox 605 2510 658 2571; x_wconf 89' lang='lat' dir='ltr'><strong>tria</strong></span> <span class='ocrx_word' id='word_1_186' title='bbox 681 2509 729 2570; x_wconf 91' lang='lat' dir='ltr'><strong>illa</strong></span> <span class='ocrx_word' id='word_1_187' title='bbox 751 2515 844 2581; x_wconf 85' lang='lat' dir='ltr'><strong>Festa,</strong></span> <span class='ocrx_word' id='word_1_188' title='bbox 868 2509 980 2570; x_wconf 83' lang='lat' dir='ltr'><strong>Patroni</strong></span> <span class='ocrx_word' id='word_1_189' title='bbox 1003 2509 1133 2582; x_wconf 87' lang='lat' dir='ltr'><strong>scilicet,</strong></span> <span class='ocrx_word' id='word_1_190' title='bbox 1154 2511 1297 2574; x_wconf 81' lang='lat' dir='ltr'><strong>&#39;l’itnlaris</strong></span> <span class='ocrx_word' id='word_1_191' title='bbox 1317 2523 1344 2575; x_wconf 88' lang='lat' dir='ltr'><strong>et</strong></span> <span class='ocrx_word' id='word_1_192' title='bbox 1362 2517 1404 2575; x_wconf 84' lang='lat' dir='ltr'><strong>lic·</strong></span> 
     </span>
     <span class='ocr_line' id='line_1_24' title="bbox 349 2588 1405 2672; baseline -0.005 -18"><span class='ocrx_word' id='word_1_193' title='bbox 349 2591 513 2663; x_wconf 88' lang='lat' dir='ltr'><strong>dicationis,</strong></span> <span class='ocrx_word' id='word_1_194' title='bbox 527 2590 603 2670; x_wconf 90' lang='lat' dir='ltr'><strong>qood</strong></span> <span class='ocrx_word' id='word_1_195' title='bbox 620 2588 783 2650; x_wconf 87' lang='lat' dir='ltr'><strong>eommunia</strong></span> <span class='ocrx_word' id='word_1_196' title='bbox 805 2588 862 2650; x_wconf 89' lang='lat' dir='ltr'><strong>sint</strong></span> <span class='ocrx_word' id='word_1_197' title='bbox 876 2597 905 2649; x_wconf 88' lang='lat' dir='ltr'><strong>ct</strong></span> <span class='ocrx_word' id='word_1_198' title='bbox 919 2588 1027 2668; x_wconf 85' lang='lat' dir='ltr'><strong>ubique</strong></span> <span class='ocrx_word' id='word_1_199' title='bbox 1048 2589 1244 2664; x_wconf 87' lang='lat' dir='ltr'><strong>celebrentur,</strong></span> <span class='ocrx_word' id='word_1_200' title='bbox 1266 2590 1405 2672; x_wconf 83' lang='lat' dir='ltr'><strong>expressio</strong></span> 
     </span>
     <span class='ocr_line' id='line_1_25' title="bbox 352 2667 1403 2749; baseline -0.002 -17"><span class='ocrx_word' id='word_1_201' title='bbox 352 2673 380 2732; x_wconf 91' lang='lat' dir='ltr'><strong>in</strong></span> <span class='ocrx_word' id='word_1_202' title='bbox 401 2670 538 2733; x_wconf 84' lang='lat' dir='ltr'><strong>Rubricis</strong></span> <span class='ocrx_word' id='word_1_203' title='bbox 561 2668 705 2732; x_wconf 90' lang='lat' dir='ltr'><strong>nominata</strong></span> <span class='ocrx_word' id='word_1_204' title='bbox 727 2676 804 2742; x_wconf 85' lang='lat' dir='ltr'><strong>sont3</strong></span> <span class='ocrx_word' id='word_1_205' title='bbox 827 2667 939 2748; x_wconf 86' lang='lat' dir='ltr'><strong>reliqna</strong></span> <span class='ocrx_word' id='word_1_206' title='bbox 963 2686 1032 2729; x_wconf 83' lang='lat' dir='ltr'><strong>vero</strong></span> <span class='ocrx_word' id='word_1_207' title='bbox 1053 2669 1156 2748; x_wconf 84' lang='lat' dir='ltr'><strong>printae</strong></span> <span class='ocrx_word' id='word_1_208' title='bbox 1171 2670 1273 2732; x_wconf 87' lang='lat' dir='ltr'><strong>classis</strong></span> <span class='ocrx_word' id='word_1_209' title='bbox 1294 2672 1403 2749; x_wconf 88' lang='lat' dir='ltr'><strong>particu-</strong></span> 
     </span>
     <span class='ocr_line' id='line_1_26' title="bbox 350 2746 1405 2827; baseline -0.005 -16"><span class='ocrx_word' id='word_1_210' title='bbox 350 2753 434 2823; x_wconf 87' lang='lat' dir='ltr'><strong>laria,</strong></span> <span class='ocrx_word' id='word_1_211' title='bbox 456 2757 557 2825; x_wconf 88' lang='lat' dir='ltr'><strong>utpote</strong></span> <span class='ocrx_word' id='word_1_212' title='bbox 580 2751 695 2809; x_wconf 86' lang='lat' dir='ltr'><strong>incerti</strong></span> <span class='ocrx_word' id='word_1_213' title='bbox 712 2751 855 2820; x_wconf 81' lang='lat' dir='ltr'><strong>nominis,</strong></span> <span class='ocrx_word' id='word_1_214' title='bbox 876 2747 970 2808; x_wconf 86' lang='lat' dir='ltr'><strong>tribus</strong></span> <span class='ocrx_word' id='word_1_215' title='bbox 992 2746 1050 2808; x_wconf 91' lang='lat' dir='ltr'><strong>illis</strong></span> <span class='ocrx_word' id='word_1_216' title='bbox 1073 2748 1211 2827; x_wconf 88' lang='lat' dir='ltr'><strong>implicite</strong></span> <span class='ocrx_word' id='word_1_217' title='bbox 1234 2754 1405 2812; x_wconf 86' lang='lat' dir='ltr'><strong>continentur.</strong></span> 
     </span>
     <span class='ocr_line' id='line_1_27' title="bbox 349 2826 1406 2905; baseline -0.004 -15"><span class='ocrx_word' id='word_1_218' title='bbox 349 2835 421 2890; x_wconf 84' lang='lat' dir='ltr'><strong>Rem</strong></span> <span class='ocrx_word' id='word_1_219' title='bbox 446 2845 536 2905; x_wconf 90' lang='lat' dir='ltr'><strong>porro</strong></span> <span class='ocrx_word' id='word_1_220' title='bbox 567 2827 605 2888; x_wconf 91' lang='lat' dir='ltr'><strong>ita</strong></span> <span class='ocrx_word' id='word_1_221' title='bbox 627 2845 658 2887; x_wconf 85' lang='lat' dir='ltr'><strong>se</strong></span> <span class='ocrx_word' id='word_1_222' title='bbox 681 2827 788 2888; x_wconf 89' lang='lat' dir='ltr'><strong>babere</strong></span> <span class='ocrx_word' id='word_1_223' title='bbox 811 2826 973 2905; x_wconf 84' lang='lat' dir='ltr'><strong>peculiares</strong></span> <span class='ocrx_word' id='word_1_224' title='bbox 1005 2835 1113 2888; x_wconf 85' lang='lat' dir='ltr'><strong>nostrae</strong></span> <span class='ocrx_word' id='word_1_225' title='bbox 1132 2828 1272 2892; x_wconf 84' lang='lat' dir='ltr'><strong>Rubricae</strong></span> <span class='ocrx_word' id='word_1_226' title='bbox 1292 2831 1406 2891; x_wconf 78' lang='lat' dir='ltr'><strong>evincunt</strong></span> 
     </span>
     <span class='ocr_line' id='line_1_28' title="bbox 350 2903 1407 2988; baseline -0.001 -21"><span class='ocrx_word' id='word_1_227' title='bbox 350 2926 366 2967; x_wconf 95' lang='lat' dir='ltr'><strong>a</strong></span> <span class='ocrx_word' id='word_1_228' title='bbox 388 2911 418 2968; x_wconf 86' lang='lat' dir='ltr'><strong>S.</strong></span> <span class='ocrx_word' id='word_1_229' title='bbox 433 2907 512 2967; x_wconf 87' lang='lat' dir='ltr'><strong>Sede</strong></span> <span class='ocrx_word' id='word_1_230' title='bbox 534 2903 703 2985; x_wconf 80' lang='lat' dir='ltr'><strong>adprobatus</strong></span> <span class='ocrx_word' id='word_1_231' title='bbox 723 2905 767 2980; x_wconf 79' lang='grc'><strong>(”).</strong></span> <span class='ocrx_word' id='word_1_232' title='bbox 788 2911 862 2983; x_wconf 87' lang='lat' dir='ltr'><strong>lpsae</strong></span> <span class='ocrx_word' id='word_1_233' title='bbox 884 2905 962 2966; x_wconf 89' lang='lat' dir='ltr'><strong>enim</strong></span> <span class='ocrx_word' id='word_1_234' title='bbox 985 2907 1024 2978; x_wconf 87' lang='lat' dir='ltr'><strong>(a.</strong></span> <span class='ocrx_word' id='word_1_235' title='bbox 1040 2911 1108 2982; x_wconf 72' lang='lat' dir='ltr'><strong>llll</strong></span> <span class='ocrx_word' id='word_1_236' title='bbox 1128 2908 1201 2969; x_wconf 91' lang='lat' dir='ltr'><strong>adeo</strong></span> <span class='ocrx_word' id='word_1_237' title='bbox 1224 2928 1279 2988; x_wconf 88' lang='lat' dir='ltr'><strong>pro</strong></span> <span class='ocrx_word' id='word_1_238' title='bbox 1300 2918 1373 2971; x_wconf 86' lang='lat' dir='ltr'><strong>certo</strong></span> <span class='ocrx_word' id='word_1_239' title='bbox 1388 2925 1407 2966; x_wconf 91' lang='lat' dir='ltr'><strong>a·</strong></span> 
     </span>
     <span class='ocr_line' id='line_1_29' title="bbox 347 2984 1407 3068; baseline -0.001 -20"><span class='ocrx_word' id='word_1_240' title='bbox 347 2994 485 3060; x_wconf 86' lang='lat' dir='ltr'><strong>struunt,</strong></span> <span class='ocrx_word' id='word_1_241' title='bbox 507 2985 551 3062; x_wconf 72' lang='lat' dir='ltr'><strong>agi</strong></span> <span class='ocrx_word' id='word_1_242' title='bbox 575 3003 659 3064; x_wconf 90' lang='lat' dir='ltr'><strong>posse</strong></span> <span class='ocrx_word' id='word_1_243' title='bbox 691 2985 767 3046; x_wconf 81' lang='lat' dir='ltr'><strong>intro</strong></span> <span class='ocrx_word' id='word_1_244' title='bbox 790 2990 926 3048; x_wconf 84' lang='lat' dir='ltr'><strong>Octavam</strong></span> <span class='ocrx_word' id='word_1_245' title='bbox 949 2984 1120 3064; x_wconf 85' lang='lat' dir='ltr'><strong>Epiphaniae</strong></span> <span class='ocrx_word' id='word_1_246' title='bbox 1151 2989 1354 3068; x_wconf 86' lang='lat' dir='ltr'><strong>quodcumque</strong></span> <span class='ocrx_word' id='word_1_247' title='bbox 1372 2992 1407 3050; x_wconf 84' lang='lat' dir='ltr'><strong>le·</strong></span> 
     </span>
     <span class='ocr_line' id='line_1_30' title="bbox 350 3063 1406 3149; baseline 0.003 -25"><span class='ocrx_word' id='word_1_248' title='bbox 350 3073 425 3126; x_wconf 80' lang='lat' dir='ltr'><strong>stoan</strong></span> <span class='ocrx_word' id='word_1_249' title='bbox 447 3065 554 3142; x_wconf 87' lang='lat' dir='ltr'><strong>duplex</strong></span> <span class='ocrx_word' id='word_1_250' title='bbox 578 3064 679 3142; x_wconf 88' lang='lat' dir='ltr'><strong>primae</strong></span> <span class='ocrx_word' id='word_1_251' title='bbox 700 3065 812 3136; x_wconf 84' lang='lat' dir='ltr'><strong>classis,</strong></span> <span class='ocrx_word' id='word_1_252' title='bbox 834 3073 865 3124; x_wconf 89' lang='lat' dir='ltr'><strong>nt</strong></span> <span class='ocrx_word' id='word_1_253' title='bbox 889 3063 954 3124; x_wconf 88' lang='lat' dir='ltr'><strong>inde</strong></span> <span class='ocrx_word' id='word_1_254' title='bbox 978 3065 1125 3137; x_wconf 83' lang='lat' dir='ltr'><strong>inierant,</strong></span> <span class='ocrx_word' id='word_1_255' title='bbox 1149 3068 1192 3126; x_wconf 87' lang='lat' dir='ltr'><strong>las</strong></span> <span class='ocrx_word' id='word_1_256' title='bbox 1213 3086 1331 3149; x_wconf 78' lang='lat' dir='ltr'><strong>quinqua</strong></span> <span class='ocrx_word' id='word_1_257' title='bbox 1352 3084 1406 3135; x_wconf 81' lang='lat' dir='ltr'><strong>essa.</strong></span> 
     </span>
     <span class='ocr_line' id='line_1_31' title="bbox 348 3143 1406 3225; baseline 0.001 -19"><span class='ocrx_word' id='word_1_258' title='bbox 348 3149 464 3206; x_wconf 78' lang='lat' dir='ltr'><strong>Festum</strong></span> <span class='ocrx_word' id='word_1_259' title='bbox 486 3143 628 3224; x_wconf 88' lang='lat' dir='ltr'><strong>ejusmodi</strong></span> <span class='ocrx_word' id='word_1_260' title='bbox 652 3145 726 3204; x_wconf 80' lang='lat' dir='ltr'><strong>inira</strong></span> <span class='ocrx_word' id='word_1_261' title='bbox 741 3144 874 3205; x_wconf 85' lang='lat' dir='ltr'><strong>eamdem</strong></span> <span class='ocrx_word' id='word_1_262' title='bbox 889 3148 1025 3206; x_wconf 88' lang='lat' dir='ltr'><strong>Octavam</strong></span> <span class='ocrx_word' id='word_1_263' title='bbox 1042 3153 1186 3225; x_wconf 90' lang='lat' dir='ltr'><strong>perpetuo</strong></span> <span class='ocrx_word' id='word_1_264' title='bbox 1206 3144 1406 3209; x_wconf 41' lang='lat' dir='ltr'><strong>transferri.)</strong></span> 
     </span>
     <span class='ocr_line' id='line_1_32' title="bbox 348 3221 1405 3304; baseline -0.003 -17"><span class='ocrx_word' id='word_1_265' title='bbox 348 3227 407 3287; x_wconf 87' lang='lat' dir='ltr'><strong>Nec</strong></span> <span class='ocrx_word' id='word_1_266' title='bbox 429 3242 499 3284; x_wconf 90' lang='lat' dir='ltr'><strong>vero</strong></span> <span class='ocrx_word' id='word_1_267' title='bbox 521 3221 636 3302; x_wconf 87' lang='lat' dir='ltr'><strong>proiicit</strong></span> <span class='ocrx_word' id='word_1_268' title='bbox 656 3222 808 3303; x_wconf 82' lang='lat' dir='ltr'><strong>quippiam</strong></span> <span class='ocrx_word' id='word_1_269' title='bbox 832 3222 869 3283; x_wconf 91' lang='lat' dir='ltr'><strong>ita</strong></span> <span class='ocrx_word' id='word_1_270' title='bbox 892 3223 1039 3304; x_wconf 84' lang='lat' dir='ltr'><strong>objicere:</strong></span> <span class='ocrx_word' id='word_1_271' title='bbox 1062 3223 1085 3286; x_wconf 88' lang='lat' dir='ltr'><strong>si</strong></span> <span class='ocrx_word' id='word_1_272' title='bbox 1109 3226 1185 3286; x_wconf 89' lang='lat' dir='ltr'><strong>iolra</strong></span> <span class='ocrx_word' id='word_1_273' title='bbox 1200 3227 1275 3288; x_wconf 89' lang='lat' dir='ltr'><strong>banc</strong></span> <span class='ocrx_word' id='word_1_274' title='bbox 1289 3230 1405 3289; x_wconf 78' lang='lat' dir='ltr'><strong>Octavam</strong></span> 
     </span>
     <span class='ocr_line' id='line_1_33' title="bbox 348 3301 1406 3382; baseline -0.001 -17"><span class='ocrx_word' id='word_1_275' title='bbox 348 3304 468 3365; x_wconf 87' lang='lat' dir='ltr'><strong>cuilibet</strong></span> <span class='ocrx_word' id='word_1_276' title='bbox 488 3302 604 3382; x_wconf 87' lang='lat' dir='ltr'><strong>Duplici</strong></span> <span class='ocrx_word' id='word_1_277' title='bbox 628 3303 730 3381; x_wconf 81' lang='lat' dir='ltr'><strong>primae</strong></span> <span class='ocrx_word' id='word_1_278' title='bbox 752 3302 853 3364; x_wconf 83' lang='lat' dir='ltr'><strong>classis</strong></span> <span class='ocrx_word' id='word_1_279' title='bbox 876 3301 957 3365; x_wconf 90' lang='lat' dir='ltr'><strong>locos</strong></span> <span class='ocrx_word' id='word_1_280' title='bbox 978 3312 1066 3372; x_wconf 89' lang='lat' dir='ltr'><strong>esset,</strong></span> <span class='ocrx_word' id='word_1_281' title='bbox 1086 3304 1214 3367; x_wconf 84' lang='lat' dir='ltr'><strong>Robrica</strong></span> <span class='ocrx_word' id='word_1_282' title='bbox 1253 3307 1406 3367; x_wconf 83' lang='lat' dir='ltr'><strong>mentioned</strong></span> 
     </span>
     <span class='ocr_line' id='line_1_34' title="bbox 348 3382 1407 3465; baseline -0.003 -21"><span class='ocrx_word' id='word_1_283' title='bbox 348 3401 404 3445; x_wconf 90' lang='lat' dir='ltr'><strong>uon</strong></span> <span class='ocrx_word' id='word_1_284' title='bbox 427 3383 543 3445; x_wconf 85' lang='lat' dir='ltr'><strong>lecisset</strong></span> <span class='ocrx_word' id='word_1_285' title='bbox 563 3385 708 3461; x_wconf 88' lang='lat' dir='ltr'><strong>conceptis</strong></span> <span class='ocrx_word' id='word_1_286' title='bbox 731 3383 829 3446; x_wconf 85' lang='lat' dir='ltr'><strong>verbis</strong></span> <span class='ocrx_word' id='word_1_287' title='bbox 851 3382 939 3444; x_wconf 90' lang='lat' dir='ltr'><strong>trium</strong></span> <span class='ocrx_word' id='word_1_288' title='bbox 961 3382 1079 3446; x_wconf 90' lang='lat' dir='ltr'><strong>illorum</strong></span> <span class='ocrx_word' id='word_1_289' title='bbox 1104 3391 1225 3457; x_wconf 88' lang='lat' dir='ltr'><strong>tantum,</strong></span> <span class='ocrx_word' id='word_1_290' title='bbox 1249 3405 1351 3465; x_wconf 81' lang='lat' dir='ltr'><strong>ncnipe</strong></span> <span class='ocrx_word' id='word_1_291' title='bbox 1369 3386 1407 3444; x_wconf 83' lang='lat' dir='ltr'><strong>Pa·</strong></span> 
     </span>
     <span class='ocr_line' id='line_1_35' title="bbox 348 3458 1406 3546; baseline -0.006 -22"><span class='ocrx_word' id='word_1_292' title='bbox 348 3463 433 3539; x_wconf 88' lang='lat' dir='ltr'><strong>troni,</strong></span> <span class='ocrx_word' id='word_1_293' title='bbox 453 3462 592 3526; x_wconf 84' lang='lat' dir='ltr'><strong>Titolarls</strong></span> <span class='ocrx_word' id='word_1_294' title='bbox 614 3461 864 3536; x_wconf 75' lang='lat' dir='ltr'><strong>oraedicationis,</strong></span> <span class='ocrx_word' id='word_1_295' title='bbox 884 3462 935 3523; x_wconf 88' lang='lat' dir='ltr'><strong>sed</strong></span> <span class='ocrx_word' id='word_1_296' title='bbox 951 3481 1135 3525; x_wconf 90' lang='lat' dir='ltr'><strong>communem</strong></span> <span class='ocrx_word' id='word_1_297' title='bbox 1151 3463 1265 3527; x_wconf 85' lang='lat' dir='ltr'><strong>conctis</strong></span> <span class='ocrx_word' id='word_1_298' title='bbox 1287 3458 1406 3546; x_wconf 83' lang='lat' dir='ltr'><strong>ejusmodi</strong></span> 
     </span>
    </p>
   </div>
   <div class='ocr_carea' id='block_1_5' title="bbox 336 3705 1410 4116">
    <p class='ocr_par' dir='ltr' id='par_1_5' title="bbox 336 3705 1410 4116">
     <span class='ocr_line' id='line_1_36' title="bbox 388 3705 1410 3769; baseline 0.001 -15"><span class='ocrx_word' id='word_1_299' title='bbox 388 3708 419 3759; x_wconf 75' lang='grc' dir='ltr'><strong>Γ)</strong></span> <span class='ocrx_word' id='word_1_300' title='bbox 435 3706 490 3767; x_wconf 85' lang='lat' dir='ltr'><strong>Quo</strong></span> <span class='ocrx_word' id='word_1_301' title='bbox 501 3707 577 3755; x_wconf 83' lang='lat' dir='ltr'><strong>omnir</strong></span> <span class='ocrx_word' id='word_1_302' title='bbox 588 3705 730 3768; x_wconf 74' lang='lat' dir='ltr'><strong>ambiguitas</strong></span> <span class='ocrx_word' id='word_1_303' title='bbox 741 3714 888 3764; x_wconf 78' lang='lat' dir='ltr'><strong>amoveatur,</strong></span> <span class='ocrx_word' id='word_1_304' title='bbox 905 3709 948 3754; x_wconf 89' lang='lat' dir='ltr'><strong>boc</strong></span> <span class='ocrx_word' id='word_1_305' title='bbox 958 3708 1098 3767; x_wconf 76' lang='lat' dir='ltr'><strong>romeliaco</strong></span> <span class='ocrx_word' id='word_1_306' title='bbox 1110 3724 1154 3769; x_wconf 89' lang='lat' dir='ltr'><strong>pro</strong></span> <span class='ocrx_word' id='word_1_307' title='bbox 1163 3707 1265 3768; x_wconf 80' lang='lat' dir='ltr'><strong>singolis</strong></span> <span class='ocrx_word' id='word_1_308' title='bbox 1282 3709 1365 3757; x_wconf 80' lang='lat' dir='ltr'><strong>vicibus</strong></span> <span class='ocrx_word' id='word_1_309' title='bbox 1379 3709 1410 3755; x_wconf 82' lang='lat' dir='ltr'><strong>bt·</strong></span> 
     </span>
     <span class='ocr_line' id='line_1_37' title="bbox 345 3766 1408 3831; baseline 0.001 -19"><span class='ocrx_word' id='word_1_310' title='bbox 345 3774 436 3813; x_wconf 83' lang='lat' dir='ltr'><strong>ctorem</strong></span> <span class='ocrx_word' id='word_1_311' title='bbox 450 3768 600 3831; x_wconf 81' lang='lat' dir='ltr'><strong>admopitnm</strong></span> <span class='ocrx_word' id='word_1_312' title='bbox 616 3772 676 3825; x_wconf 79' lang='lat' dir='ltr'><strong>volo,</strong></span> <span class='ocrx_word' id='word_1_313' title='bbox 690 3783 729 3814; x_wconf 83' lang='lat' dir='ltr'><strong>mc</strong></span> <span class='ocrx_word' id='word_1_314' title='bbox 744 3766 876 3813; x_wconf 77' lang='lat' dir='ltr'><strong>identidem</strong></span> <span class='ocrx_word' id='word_1_315' title='bbox 893 3770 923 3813; x_wconf 86' lang='lat' dir='ltr'><strong>ad</strong></span> <span class='ocrx_word' id='word_1_316' title='bbox 938 3766 1079 3826; x_wconf 81' lang='lat' dir='ltr'><strong>quaestiones</strong></span> <span class='ocrx_word' id='word_1_317' title='bbox 1097 3771 1239 3817; x_wconf 80' lang='lat' dir='ltr'><strong>enodandas</strong></span> <span class='ocrx_word' id='word_1_318' title='bbox 1255 3784 1303 3817; x_wconf 91' lang='lat' dir='ltr'><strong>non</strong></span> <span class='ocrx_word' id='word_1_319' title='bbox 1320 3771 1369 3817; x_wconf 83' lang='lat' dir='ltr'><strong>idea</strong></span> <span class='ocrx_word' id='word_1_320' title='bbox 1381 3779 1408 3829; x_wconf 78' lang='lat' dir='ltr'><strong>pc</strong></span> 
     </span>
     <span class='ocr_line' id='line_1_38' title="bbox 342 3827 1409 3887; baseline 0.005 -15"><span class='ocrx_word' id='word_1_321' title='bbox 342 3827 444 3873; x_wconf 72' lang='lat' dir='ltr'><strong>statiores</strong></span> <span class='ocrx_word' id='word_1_322' title='bbox 460 3830 563 3887; x_wconf 73' lang='lat' dir='ltr'><strong>allegare</strong></span> <span class='ocrx_word' id='word_1_323' title='bbox 580 3827 731 3876; x_wconf 74' lang='lat' dir='ltr'><strong>From-iream</strong></span> <span class='ocrx_word' id='word_1_324' title='bbox 747 3827 862 3874; x_wconf 70' lang='lat' dir='ltr'><strong>breviarii</strong></span> <span class='ocrx_word' id='word_1_325' title='bbox 881 3830 995 3876; x_wconf 72' lang='lat' dir='ltr'><strong>{lubricas</strong></span> <span class='ocrx_word' id='word_1_326' title='bbox 1010 3835 1037 3874; x_wconf 83' lang='lat' dir='ltr'><strong>ut</strong></span> <span class='ocrx_word' id='word_1_327' title='bbox 1052 3829 1108 3877; x_wconf 84' lang='lat' dir='ltr'><strong>inde</strong></span> <span class='ocrx_word' id='word_1_328' title='bbox 1123 3830 1263 3879; x_wconf 74' lang='lat' dir='ltr'><strong>antbentiea</strong></span> <span class='ocrx_word' id='word_1_329' title='bbox 1276 3831 1409 3879; x_wconf 72' lang='lat' dir='ltr'><strong>botrano</strong></span> 
     </span>
     <span class='ocr_line' id='line_1_39' title="bbox 343 3884 1409 3951; baseline 0.003 -18"><span class='ocrx_word' id='word_1_330' title='bbox 343 3884 460 3934; x_wconf 80' lang='lat' dir='ltr'><strong>Breviorii</strong></span> <span class='ocrx_word' id='word_1_331' title='bbox 476 3887 579 3934; x_wconf 72' lang='lat' dir='ltr'><strong>Romani</strong></span> <span class='ocrx_word' id='word_1_332' title='bbox 601 3887 771 3950; x_wconf 80' lang='lat' dir='ltr'><strong>interpretatio</strong></span> <span class='ocrx_word' id='word_1_333' title='bbox 794 3891 935 3947; x_wconf 77' lang='lat' dir='ltr'><strong>derivetur,</strong></span> <span class='ocrx_word' id='word_1_334' title='bbox 959 3891 999 3935; x_wconf 79' lang='lat' dir='ltr'><strong>scd</strong></span> <span class='ocrx_word' id='word_1_335' title='bbox 1022 3897 1113 3936; x_wconf 78' lang='lat' dir='ltr'><strong>tartara</strong></span> <span class='ocrx_word' id='word_1_336' title='bbox 1137 3897 1165 3937; x_wconf 90' lang='lat' dir='ltr'><strong>ot</strong></span> <span class='ocrx_word' id='word_1_337' title='bbox 1180 3899 1265 3951; x_wconf 79' lang='lat' dir='ltr'><strong>pateat</strong></span> <span class='ocrx_word' id='word_1_338' title='bbox 1287 3889 1409 3939; x_wconf 67' lang='lat' dir='ltr'><strong>cantantis!</strong></span> 
     </span>
     <span class='ocr_line' id='line_1_40' title="bbox 343 3942 1408 4009; baseline 0.003 -16"><span class='ocrx_word' id='word_1_339' title='bbox 343 3955 449 3994; x_wconf 78' lang='lat' dir='ltr'><strong>nostram</strong></span> <span class='ocrx_word' id='word_1_340' title='bbox 466 3945 490 3993; x_wconf 87' lang='lat' dir='ltr'><strong>in</strong></span> <span class='ocrx_word' id='word_1_341' title='bbox 505 3963 533 3994; x_wconf 88' lang='lat' dir='ltr'><strong>rc</strong></span> <span class='ocrx_word' id='word_1_342' title='bbox 548 3951 666 3996; x_wconf 83' lang='lat' dir='ltr'><strong>comrooai</strong></span> <span class='ocrx_word' id='word_1_343' title='bbox 686 3952 696 4008; x_wconf 71' lang='lat' dir='ltr'><strong>t</strong></span> <span class='ocrx_word' id='word_1_344' title='bbox 706 3964 760 4009; x_wconf 81' lang='lat' dir='ltr'><strong>quac</strong></span> <span class='ocrx_word' id='word_1_345' title='bbox 775 3948 890 3997; x_wconf 77' lang='lat' dir='ltr'><strong>nimirum</strong></span> <span class='ocrx_word' id='word_1_346' title='bbox 912 3965 941 4006; x_wconf 62' lang='lat' dir='ltr'><strong>es</strong></span> <span class='ocrx_word' id='word_1_347' title='bbox 962 3963 1027 3995; x_wconf 85' lang='lat' dir='ltr'><strong>mero</strong></span> <span class='ocrx_word' id='word_1_348' title='bbox 1048 3949 1172 4009; x_wconf 79' lang='lat' dir='ltr'><strong>privilegio</strong></span> <span class='ocrx_word' id='word_1_349' title='bbox 1193 3950 1293 3999; x_wconf 79' lang='lat' dir='ltr'><strong>minime</strong></span> <span class='ocrx_word' id='word_1_350' title='bbox 1313 3952 1344 3999; x_wconf 85' lang='lat' dir='ltr'><strong>rit</strong></span> <span class='ocrx_word' id='word_1_351' title='bbox 1359 3942 1408 3996; x_wconf 64' lang='lat' dir='ltr'><strong>rabit</strong></span> 
     </span>
     <span class='ocr_line' id='line_1_41' title="bbox 342 4006 1409 4074; baseline 0.007 -23"><span class='ocrx_word' id='word_1_352' title='bbox 342 4007 476 4067; x_wconf 78' lang='lat' dir='ltr'><strong>permissa)</strong></span> <span class='ocrx_word' id='word_1_353' title='bbox 497 4007 594 4067; x_wconf 81' lang='lat' dir='ltr'><strong>‹tignam</strong></span> <span class='ocrx_word' id='word_1_354' title='bbox 611 4023 661 4056; x_wconf 80' lang='lat' dir='ltr'><strong>ecre</strong></span> <span class='ocrx_word' id='word_1_355' title='bbox 676 4018 702 4058; x_wconf 88' lang='lat' dir='ltr'><strong>ot</strong></span> <span class='ocrx_word' id='word_1_356' title='bbox 718 4009 856 4074; x_wconf 86' lang='lat' dir='ltr'><strong>recipiatur,</strong></span> <span class='ocrx_word' id='word_1_357' title='bbox 873 4018 957 4074; x_wconf 85' lang='lat' dir='ltr'><strong>utpote</strong></span> <span class='ocrx_word' id='word_1_358' title='bbox 973 4009 1163 4059; x_wconf 72' lang='lat' dir='ltr'><strong>mantissam</strong></span> <span class='ocrx_word' id='word_1_359' title='bbox 1180 4024 1228 4059; x_wconf 87' lang='lat' dir='ltr'><strong>non</strong></span> <span class='ocrx_word' id='word_1_360' title='bbox 1245 4011 1333 4061; x_wconf 77' lang='lat' dir='ltr'><strong>levibus</strong></span> <span class='ocrx_word' id='word_1_361' title='bbox 1348 4022 1373 4058; x_wconf 81' lang='lat' dir='ltr'><strong>ex</strong></span> <span class='ocrx_word' id='word_1_362' title='bbox 1386 4006 1409 4052; x_wconf 73' lang='lat' dir='ltr'><strong>il·</strong></span> 
     </span>
     <span class='ocr_line' id='line_1_42' title="bbox 336 4067 616 4116; baseline 0.007 -2"><span class='ocrx_word' id='word_1_363' title='bbox 336 4067 410 4116; x_wconf 78' lang='lat' dir='ltr'><strong>&#39;ditiis</strong></span> <span class='ocrx_word' id='word_1_364' title='bbox 424 4076 616 4116; x_wconf 71' lang='lat' dir='ltr'><strong>contentiosam.</strong></span> 
     </span>
    </p>
   </div>
   <div class='ocr_carea' id='block_1_6' title="bbox 0 0 1746 4875">
    <p class='ocr_par' dir='ltr' id='par_1_6' title="bbox 0 0 1746 4875">
     <span class='ocr_line' id='line_1_43' title="bbox 0 0 1746 4875; baseline 0 1"><span class='ocrx_word' id='word_1_365' title='bbox 0 0 1746 4875; x_wconf 95' lang='lat' dir='ltr'><strong> </strong></span> 
     </span>
    </p>
   </div>
  </div>
 </body>
</html>
