3484 4875
677 490 768 537 urum
782 490 883 538 ιιιιιιιιι
899 491 1079 539 norinorum
1329 474 1396 542 475

359 599 506 675 oasim,
528 595 606 663 ibid.
630 617 662 663 n.
687 598 739 664 ll.
764 597 812 663 dn
836 597 950 665 eodem
973 618 1057 664 anno
1081 599 1123 665 sit
1146 599 1417 686 persolvendum,

376 685 458 753 ibid.
484 707 515 753 ιι.
542 686 594 752 lu.
618 687 668 753 An
692 685 839 753 Officium
863 707 1054 752 conoessum
1082 707 1155 753 oum
1187 690 1332 754 clausula
1356 689 1416 755 Re·

329 855 332 860 ,
377 774 476 840 nitori
496 795 586 863 posse
609 776 659 839 vel
680 776 777 841 simili
793 775 837 839 sil
852 777 1092 861 praeoeptivum,
1110 775 1186 844 ibid.
1205 775 1417 855 Quandonam

371 862 618 948 ,sejungendum
635 870 685 928 est
701 862 846 928 Officium
871 863 1050 949 cujuspiam
1067 862 1177 930 Sancti
1194 886 1212 930 a
1229 864 1334 941 Socio,
1352 866 1417 930 od

378 970 412 1015 ιι.
430 951 485 1016 27.
504 948 670 1029 Quomodo
694 958 727 1016 et
749 949 877 1036 quando
901 954 932 1018 iu
958 972 1033 1018 casu
1058 954 1281 1039 separationis,
1299 954 1417 1019 utrius·

380 1057 446 1123 que
469 1037 617 1105 Oliieium
642 1046 691 1105 est
715 1038 959 1115 celebrandum,
984 1040 1060 1105 ibid.
1085 1061 1116 1107 n.
1141 1042 1183 1107 76
1208 1051 1240 1107 et
1265 1042 1317 1107 50.
1343 1040 1416 1107 Olli·

380 1127 469 1191 cium
493 1126 579 1212 quod
603 1129 728 1193 obtinet
750 1128 904 1214 Hymnus,
928 1127 1128 1216 Antiphonas
1152 1138 1213 1195 eto.
1239 1131 1418 1216 propria,·a

378 1215 499 1299 quibus
522 1216 653 1281 recitari
676 1217 839 1302 possitae
863 1215 1000 1292 debeat,
1032 1235 1104 1303 pag.
1130 1218 1171 1281 55
1197 1219 1228 1282 in
1254 1226 1352 1294 nota,
1372 1225 1417 1281 et

379 1300 491 1368 adnot.
510 1303 552 1369 lli
575 1304 659 1390 blaji.
684 1326 715 1369 n.
740 1304 778 1369 ll.
800 1304 849 1369 do
874 1305 981 1369 omnin
1005 1302 1115 1369 Officia
1138 1306 1347 1391 particularia
1372 1306 1417 1370 iu·

380 1388 629 1458 discriminatim
652 1394 756 1477 magis
777 1392 1012 1458 universalibus
1035 1394 1100 1457 sint
1124 1387 1334 1479 praelerenda,
1352 1391 1419 1457 od

368 1498 413 1543 ·n.
432 1479 452 1543 7
469 1478 518 1545 V.'
537 1478 670 1558 Quando
695 1489 728 1556 et
751 1480 912 1564 quomodo
937 1481 1119 1546 celebratur
1142 1479 1288 1545 Officium
1306 1480 1345 1544 de
1361 1479 1418 1544 ue-

378 1574 432 1630 sto
449 1568 600 1652 simplioi,
617 1567 725 1634 adnot.
740 1568 782 1633 ld
798 1568 876 1653 Apr.
894 1589 924 1632 n.
937 1567 965 1631 ll
982 1577 1014 1633 et
1030 1568 1083 1632 lll.
1098 1567 1242 1634 Officium
1261 1567 1294 1633 S.
1309 1568 1417 1633 Mariae

378 1654 413 1719 in
437 1654 580 1720 Sabbato
604 1657 731 1741 quando
756 1656 973 1741 etquomodo
998 1658 1162 1731 recitatur,
1186 1674 1258 1742 pag.
1287 1656 1361 1720 ler.

339 1737 487 1807 Officium
510 1763 646 1828 parvum
669 1745 703 1809 B.
728 1744 768 1809 Μ.
793 1743 829 1809 V.
855 1745 904 1808 An
928 1752 959 1810 et
984 1744 1111 1830 quando
1136 1744 1231 1809 datur
1262 1744 1416 1828 obligatio

379 1829 462 1895 illud
495 1829 675 1907 recitandi,
708 1853 736 1897 o.
761 1831 780 1896 7
805 1852 836 1896 n.
860 1832 892 1896 7.
918 1830 1085 1911 Quomodo
1110 1832 1316 1919 conjungitur
1344 1852 1417 1898 cum

378 1914 493 1983 Ollioio
511 1919 583 1995 diei,
600 1919 677 1985 ibid.
695 1942 727 1985 n.
746 1920 776 1985 5.
795 1920 842 1983 dn
861 1927 1006 2005 tempore
1024 1921 1185 1986 Passionis
1203 1920 1417 1986 omittendum

378 2006 425 2070 sit
439 2005 548 2071 Gloria
565 2007 656 2071 Patri
671 2008 711 2073 ad
724 2007 850 2072 Invitat.
868 2016 901 2071 et
917 2009 949 2072 iu
964 2009 982 2072 5
1000 2008 1042 2091 d,
1056 2016 1088 2073 et
1105 2016 1251 2093 tempore
1268 2008 1416 2073 Pasobali

378 2094 565 2160 addendum
588 2095 725 2181 Allelojo
750 2095 790 2161 ad
814 2095 1015 2180 Antiphonas
1041 2104 1113 2170 eto,
1138 2096 1214 2160 ibid.
1239 2115 1271 2160 n.
1295 2097 1327 2159 ll.

338 2176 483 2247 Ollloium
500 2181 730 2248 Oelunolorum
749 2183 953 2267 quandonam
970 2183 1002 2247 in
1021 2182 1124 2247 Oboro
1146 2202 1184 2247 ex
1201 2182 1416 2248 llubrioarum

376 2271 574 2356 praescripto
598 2272 810 2346 recitandum,
835 2291 862 2335 o.
889 2271 907 2334 7
932 2291 964 2335 n.
990 2272 1019 2335 5.
1045 2269 1178 2348 Quando
1203 2271 1301 2334 etiam
1325 2278 1417 2335 extra

378 2357 536 2435 liborum,
559 2360 592 2423 in
616 2358 810 2436 Kalendario
836 2359 861 2424 l.
881 2368 912 2424 ot
935 2360 955 2423 7
979 2357 1178 2425 Novembris.
1197 2357 1281 2436 Quot
1304 2356 1336 2421 in
1362 2377 1415 2422 no·

375 2448 457 2511 stris
481 2447 633 2513 lloolosiis
657 2449 687 2512 vi
711 2447 982 2513 constitutionum
1007 2446 1146 2523 Ordinis,
1171 2467 1198 2512 o.
1218 2447 1235 2510 7
1261 2466 1292 2510 n.
1310 2445 1340 2510 6.
1359 2445 1417 2510 Ve-

376 2554 487 2618 spera
510 2534 577 2600 Del.
601 2536 706 2620 pridie
729 2545 805 2600 sont
829 2535 1025 2611 recitandae,
1050 2535 1128 2599 ibid.
1152 2555 1182 2600 n.
1209 2535 1238 2598 7.
1263 2533 1416 2599 Invitalo·

374 2622 465 2687 rium
484 2624 612 2707 quando
637 2623 819 2698 dicendum,
836 2623 913 2688 ibid.
931 2644 962 2688 ιι.
981 2623 1011 2688 O.
1030 2621 1198 2701 Quodnam
1214 2621 1416 2687 Noc-turnum

369 2709 640 2794 persolvendum,
664 2713 691 2776 si
716 2731 814 2776 unum
840 2720 964 2777 tanturn
989 2712 1153 2786 rooitelur,
1178 2710 1254 2774 ibid.
1281 2707 1415 2787 Quando

376 2796 588 2881 duplicantur
612 2799 812 2885 Antiphonae,
837 2800 913 2865 ibid.
932 2820 963 2864 n.
982 2798 1012 2863 O.
1031 2798 1197 2876 Quomodo
1218 2798 1299 2862 liant
1323 2816 1415 2882 repe-

374 2885 509 2951 titiones
527 2888 557 2951 in
575 2887 604 2973 n).
623 2886 734 2951 Libero
758 2909 808 2952 me
831 2886 972 2963 Domine,
989 2887 1065 2953 ibid.
1084 2908 1114 2953 u.
1133 2887 1185 2952 lO.
1204 2884 1416 2965 Quandouam

374 2973 410 3036 in
436 2972 586 3059 Vesperis
609 2976 766 3040 recitatur
789 2976 841 3040 Ps.
867 2976 977 3041 barido
1003 2985 1034 3040 et
1058 2977 1089 3041 in
1114 2975 1275 3041 Laudibus
1299 2974 1350 3039 Ps.
1369 2973 1416 3038 Oe

369 3062 553 3148 prosternetis,
568 3063 653 3128 ibid.
679 3063 763 3142 Quot
786 3072 819 3129 et
841 3085 912 3150 quae
937 3063 1105 3130 Orationes
1130 3065 1282 3129 dicuntur
1305 3063 1337 3126 in
1361 3059 1413 3128 Ol·

374 3148 449 3212 ficio
473 3149 553 3225 uer,
571 3160 603 3216 et
620 3152 779 3236 quomodo
804 3152 1045 3227 concludendae,
1062 3152 1137 3216 ibid.
1157 3151 1217 3230 Qui
1234 3159 1266 3214 et
1283 3148 1412 3233 quando

374 3235 425 3317 ἢ.
451 3236 601 3304 dicuntur
624 3240 655 3304 io
680 3241 845 3324 singulari,
868 3240 945 3304 ibid.
971 3238 1181 3316 Quandouam
1204 3238 1251 3319 pp.
1276 3244 1350 3319 post
1376 3235 1415 3300 O·

375 3324 536 3390 rationem
569 3328 782 3403 omittuntur,
813 3327 891 3392 ibid.
923 3326 1045 3405 Quibus
1080 3325 1192 3389 diebus
1224 3323 1415 3409 prohibetur

375 3410 524 3478 Officium
548 3413 801 3489 Oelunotorum‚
833 3421 993 3499 prasente
1024 3411 1205 3486 Cadavore,
1238 3418 1270 3476 et
1297 3409 1413 3495 quibus

375 3499 512 3566 absente
536 3502 689 3588 Corpore,
712 3500 788 3566 ibid.
814 3521 845 3565 n.
871 3501 923 3566 ll.

328 3584 411 3652 Olea
435 3607 538 3656 sacra.
563 3589 646 3669 Quid
674 3588 893 3674 praestandum
925 3589 952 3653 si
984 3587 1103 3652 alieubi
1134 3586 1323 3671 tempestive
1355 3604 1413 3670 pro

374 3674 489 3745 Fontis
520 3678 742 3744 benedictione
765 3675 907 3741 Sabbato
931 3684 1043 3741 saneto
1067 3674 1272 3761 peragenda,
1301 3672 1414 3738 baberi

374 3782 442 3829 non
472 3767 619 3850 possint,
647 3773 755 3831 annot.
779 3766 811 3829 in
837 3763 937 3830 Hebd.
962 3763 1075 3849 major.
1101 3784 1131 3828 n.
1159 3763 1210 3826 l7.
1236 3761 1305 3827 Non
1338 3769 1415 3827 suut

374 3853 409 3917 in
435 3852 612 3919 Ecclesiam
635 3854 824 3919 solemniter
848 3851 1030 3927 deserenda,
1055 3851 1131 3917 ibid.

328 3938 513 4008 Orationes.
538 3940 620 4020 Quid
649 3941 868 4007 annotandum
901 3942 986 4005 eirca
1011 3938 1196 4005 Orationem
1220 3937 1247 4002 A
1272 3935 1413 4010 coenetis,

377 4027 488 4096 adnot.
521 4030 562 4095 lll
595 4029 689 4096 Febr.
713 4051 744 4119 n.
768 4028 813 4094 lll
845 4037 877 4094 et
908 4048 981 4114 pag.
1007 4028 1070 4094 545
1094 4028 1126 4092 in
1151 4035 1249 4101 nola;
1274 4034 1306 4090 et
1334 4021 1413 4110 quid
