3484 4875
557 514 731 560 asuormna
749 516 910 585 iuramus
927 516 1080 563 rnscnmn
1270 495 1335 561 275

277 619 326 684 mi
349 618 516 694 Nocturni,
531 622 581 685 vel
606 621 645 686 de
668 622 835 687 Communi
859 624 1051 708 assignatas,
1065 623 1133 709 jam
1157 621 1357 689 declaratum

279 715 333 773 est
356 716 431 792 post
455 707 667 794 Epiphaniam
692 730 722 774 n.
749 711 802 786 ld,
827 711 864 775 ll
894 718 926 776 et
950 712 990 776 l‘d
1015 709 1062 797 (*).

348 796 380 860 a.
405 796 431 859 Α
456 795 550 860 Peria
582 797 722 862 secunda
754 805 828 884 post
852 798 1050 864 dominicam
1075 798 1107 863 in
1131 796 1221 865 Albis
1253 817 1355 883 usque

278 882 321 947 ad
347 884 587 960 Ascensionem,
604 885 636 949 in
661 884 771 950 Officio
797 893 862 950 tam
879 886 918 951 de
934 887 1092 972 Tempore
1109 905 1205 970 qaam
1223 884 1261 949 de
1278 884 1356 950 San·

276 972 341 1034 ctis
375 969 575 1057 (dummodo
599 992 663 1037 non
687 973 729 1037 sit
757 974 874 1060 duplex
909 975 957 1039 vel
998 972 1081 1039 intra
1105 970 1285 1059 Octavam)
1313 973 1354 1037 ad

276 1057 439 1143 Vesperas
463 1067 495 1123 et
517 1059 641 1125 Larodes
673 1060 767 1146 (rice
796 1060 1056 1147 suffragiorum)
1090 1062 1354 1127 commemoratio

276 1148 387 1230 agitur
410 1145 532 1222 Crucis,
557 1156 592 1214 ut
616 1150 646 1213 in
671 1149 825 1234 praedicta
848 1150 941 1215 Paria
964 1149 1155 1236 proponitur
1178 1146 1243 1235 (**),
1260 1142 1356 1234 atque

275 1233 394 1299 stando
418 1234 459 1299 ad
483 1235 623 1301 Primam
648 1246 679 1301 et
702 1237 955 1323 Complatorium
975 1238 1090 1303 Preces
1115 1236 1353 1322 subjunguntur

276 1321 318 1386 de
341 1321 517 1388 flaminica.
540 1323 636 1388 Rubr.
660 1324 692 1388 t'a
716 1325 805 1390 Dum.
831 1325 861 1388 ia
885 1326 970 1390 Attis
994 1334 1022 1389 et
1046 1325 1078 1389 ia
1101 1323 1195 1388 Feria
1218 1324 1354 1389 rectruda

274 1410 424 1495 sequendi.
442 1411 521 1475 ltem
546 1431 564 1475 a
589 1412 753 1477 dominica
771 1414 802 1477 in
823 1413 912 1477 Albis
935 1433 1037 1499 usque
1055 1410 1094 1477 ad
1112 1413 1353 1488 ascensionem,

275 1497 421 1582 quotidie
444 1498 485 1563 ad
508 1499 647 1569 Primam
672 1502 704 1565 iu
728 1502 757 1587 q.
783 1501 871 1565 brevi
896 1502 1128 1586 pronunciatur
1150 1500 1178 1580 l.
1206 1499 1266 1575 Oai
1287 1520 1354 1563 sttr-

274 1586 390 1650 rerirti
410 1607 429 1648 a
453 1591 606 1663 mortuis,
639 1598 855 1675 preterquam
881 1590 913 1652 in
937 1588 1047 1654 Officio
1080 1588 1113 1653 B.
1139 1586 1178 1652 Μ.
1203 1587 1239 1651 V.
1265 1588 1353 1653 etin

275 1673 382 1737 votivo
406 1672 463 1738 SS.
489 1673 712 1753 sacramenti,
741 1678 795 1742 nbi
819 1677 1016 1762 subrogatur
1040 1677 1067 1759 i.
1095 1676 1155 1753 otti
1177 1684 1267 1740 nattis
1290 1682 1352 1741 etc.

274 1760 373 1826 Rubr.
392 1762 436 1826 tit.
461 1762 503 1827 28
520 1786 550 1828 a.
570 1765 599 1828 5.
618 1764 785 1830 Recolctcr
808 1786 930 1851 quaque
953 1765 1114 1830 adnotatio
1139 1763 1180 1828 ad
1204 1763 1288 1828 diam
1311 1764 1353 1829 25

274 1849 426 1914 lanuarit'
447 1873 478 1915 a.
508 1850 545 1915 V.

344 1937 400 2002 ld.¹
421 1938 579 2024 Tempore
603 1939 750 2005 Paschali
775 1940 807 2005 in
830 1940 937 2006 Missis
961 1940 1154 2006 Sanctorum
1179 1939 1276 2005 ctiam
1300 1959 1353 2005 vo-

274 2024 371 2100 tiris,
402 2026 443 2089 ad
467 2026 562 2092 tinem
586 2025 740 2094 Introitus
771 2029 838 2093 sive
862 2037 937 2094 ante
968 2031 1034 2093 sive
1067 2038 1140 2114 post
1163 2027 1350 2103 Psalmum,

274 2122 482 2197 apponuntur
506 2114 568 2180 dua
591 2115 727 2202 Allcloja
740 2139 752 2189 ;
777 2136 875 2181 unum
899 2136 995 2192 vero,
1019 2116 1046 2180 si
1071 2116 1163 2190 desit,
1188 2114 1228 2180 ad
1252 2116 1348 2179 finem

275 2199 439 2266 Otl'ertorii
462 2210 494 2266 et
516 2202 766 2268 communionis.
783 2202 879 2268 Rttbr.
898 2202 1012 2268 Missal.
1030 2202 1086 2267 soti
1109 2202 1160 2266 dic
1182 2202 1222 2266 m
1242 2200 1354 2267 Martii

275 2298 305 2353 et
339 2298 412 2353 acte
445 2290 555 2355 Missas
588 2291 713 2355 catinos.
738 2292 816 2356 Post
850 2291 1027 2377 Epistulam
1063 2290 1134 2357 loco
1158 2288 1354 2365 GradualiS,

274 2375 490 2463 subjiciuntur
513 2376 575 2444 dna
598 2379 645 2461 ii.
664 2380 748 2444 inter
770 2386 909 2464 quatuor
931 2377 1079 2464 Allelajm
1106 2384 1139 2442 ut
1163 2377 1194 2442 in
1219 2377 1351 2443 llissali.

274 2465 308 2530 Si
333 2485 410 2531 vero
434 2467 569 2550 legenda
586 2469 628 2532 sit
644 2466 827 2553 Sequentia,
847 2475 923 2532 tanc
941 2468 1090 2532 ultimum
1106 2465 1243 2551 Alloloja
1268 2467 1348 2531 alias

274 2553 446 2619 dicendum
471 2563 543 2638 post
567 2555 742 2620 secundum
766 2555 807 2636 i,
824 2555 864 2619 ad
889 2555 982 2618 tinem
1008 2552 1188 2639 Sequentia.
1206 2553 1346 2618 additur.

274 2640 371 2706 dordr.
396 2641 427 2705 in
449 2642 543 2706 Missa
567 2643 694 2708 sotum·
715 2643 747 2706 ia
771 2642 864 2707 Attis.
891 2642 925 2706 ln
951 2642 1054 2706 Missis
1078 2661 1175 2726 porro
1200 2641 1239 2705 de
1257 2641 1350 2704 'Pem-

274 2748 353 2813 pore
377 2731 482 2794 omnia
507 2731 552 2795 ita
576 2738 775 2814 peraguntur
797 2738 833 2794 nt
857 2730 900 2795 ibi
926 2731 1121 2816 precipitur,
1146 2749 1219 2794 cum
1246 2727 1353 2792 Gloria

273 2824 307 2880 et
332 2816 448 2892 Cred03
472 2818 529 2882 sed
552 2818 648 2882 llissa
672 2816 711 2882 de
734 2817 825 2882 Feria
843 2820 982 2883 sumitur
1007 2817 1160 2883 demere
1184 2837 1222 2882 ex
1245 2815 1356 2881 llomi·

274 2905 345 2970 nica
369 2905 575 2990 precedenti,
600 2907 659 2970 nisi
685 2906 769 2972 adsit
792 2907 934 2992 propria,
959 2927 996 2971 ac
1020 2908 1052 2970 in
1076 2926 1113 2971 ca
1137 2905 1254 2987 dicitur
1279 2903 1350 2990 qui·

333 3248 369 3322 (*)
390 3252 457 3310 Post
477 3249 585 3311 Pascite
608 3249 743 3328 leguntur
765 3252 851 3310 dctus
874 3248 1043 3326 Apostolici,
1057 3246 1248 3326 Apocalypsis
1269 3255 1355 3325 atquc

274 3328 480 3409 Apostolorum
502 3328 658 3405 epistota,
691 3329 759 3408 quia
791 3328 901 3387 scilicet
924 3327 1045 3388 uirtute,
1064 3345 1164 3404 magna
1194 3326 1381 3387 reddebant·

274 3408 404 3490 Apostoli
428 3408 624 3468 testimouium
646 3406 879 3470 Resurrectionis
901 3410 969 3468 Jcsu
993 3405 1106 3467 Christi.
1133 3408 1282 3466 Petamus.

338 3486 393 3564 (¹⁴)
413 3489 474 3548 Hoc
497 3497 627 3566 ternpore
649 3487 819 3547 omittuntur
834 3484 975 3562 Suffragia
997 3489 1178 3558 Sanctorum,
1199 3483 1265 3564 quin
1289 3501 1355 3544 cum

274 3566 407 3630 Christus
428 3586 464 3626 ex
486 3565 605 3629 Joannis
627 3566 790 3626 testimonio
812 3569 863 3642 Ep.
890 3568 945 3625 lc.
960 3568 989 3635 P,
1012 3571 1076 3642 post
1099 3562 1354 3626 Resurrectionem

275 3663 358 3707 suam
381 3645 466 3724 plane
488 3644 642 3723 singularis
664 3647 759 3704 tactus
780 3643 817 3703 sit
838 3644 995 3703 advocatus
1011 3650 1108 3703 noster
1130 3642 1207 3722 opud
1231 3645 1355 3715 Patrem,

275 3743 393 3806 aequnrn
416 3733 480 3796 est,
502 3725 555 3785 trae
578 3724 760 3803 potissimum
793 3729 924 3800 tempore
946 3739 1029 3797 spem
1051 3729 1177 3782 nostram
1200 3721 1236 3781 nd
1259 3719 1354 3799 ipsum

275 3820 443 3882 assurgere,
457 3811 485 3861 ct
504 3803 621 3863 urticam
645 3801 810 3881 perfugium
832 3809 963 3861 nostrum
988 3802 1015 3861 in
1038 3799 1101 3878 ipso
1122 3800 1267 3861 collocari.
1291 3804 1357 3861 l‘er·

276 3883 371 3962 ginone
388 3900 475 3960 porro
490 3884 575 3941 etiam
591 3883 644 3943 troc
666 3891 797 3958 tempore
812 3881 913 3942 Crucis
929 3878 1232 3940 commemorationem
1249 3882 1355 3948 tacere,

265 3963 311 4023 ‘nd
335 3961 519 4023 recolendam
541 3960 679 4022 nimirum
695 3959 796 4021 Crucis
819 3958 979 4030 uictoriam,
996 3976 1034 4019 ex
1055 3976 1111 4040 qnu
1134 3958 1226 4038 gloria
1247 3963 1355 4021 Resur-

276 4040 414 4104 rectionis
434 4049 536 4103 exorta
557 4050 611 4102 cst.
633 4041 683 4101 lta
702 4039 798 4116 sermo
821 4040 923 4100 Cauat.
947 4047 986 4101 to.
1010 4042 1029 4102 2
1051 4058 1078 4100 c.
1098 4041 1137 4102 33
1157 4043 1238 4100 aut.
