3484 4875
436 485 503 551 tat
675 502 898 549 aoxorxrrouus
915 504 945 549 ru
961 503 1052 549 rusrx
1068 502 1241 551 necnnums

458 613 497 677 de
520 611 617 676 Festo
642 608 887 686 transferendo,
914 630 982 694 ¹nec
1004 609 1117 676 Votiva
1142 632 1204 698 pro
1229 631 1267 683 re
1290 614 1387 698 graui,
1412 633 1448 680 uec
1496 633 1508 674 :÷

459 701 499 765 de
523 699 642 785 Requie
667 700 764 762 etiarn
788 705 947 784 praesentc
983 697 1168 774 Gadarem,
1199 700 1280 765 item
1320 722 1449 787 nequest
1497 703 1502 760 ,¹

457 791 580 854 lemnes
604 788 752 871 erqtrice
777 793 832 850 aut
849 784 996 851 Officium
1012 784 1261 853 Defunctorum.
1289 789 1396 875 Confer.
1413 790 1450 855 el

457 899 487 942 n.
507 876 559 950 ll,
583 896 608 940 e.
633 876 652 938 8
677 898 707 938 o.
727 877 756 948 5,
782 874 1070 959 doclll,etquod
1093 886 1284 941 annotatum
1307 876 1453 943 ostroldi
1498 899 1509 927 ³

460 963 655 1030 edocuerit
677 985 706 1027 n.
740 962 771 1026 V.
1131 1024 1134 1030 ,
1500 1015 1509 1045 3

504 1050 569 1115 Vll.
594 1051 755 1115 Honorius
785 1049 829 1113 lli
859 1050 891 1113 in
924 1070 993 1136 cap.
1017 1049 1187 1138 Feplicori
1221 1051 1264 1117 de
1296 1053 1457 1118 observantia
1501 1074 1509 1092 ⁸

458 1140 674 1225 jejuniorum,
699 1140 745 1202 sie
769 1140 902 1203 statuit:
942 1166 958 1198 a
978 1138 1029 1202 llli
1053 1140 1108 1223 qui
1131 1159 1194 1204 nec
1217 1150 1291 1205 voto
1315 1162 1372 1207 nec
1391 1141 1458 1225 Repu·

460 1229 522 1293 lori
545 1226 737 1290 observantie
761 1234 837 1289 suut
860 1226 1028 1300 adstricti,
1063 1229 1096 1290 in
1120 1226 1215 1291 Feria
1243 1237 1357 1305 sexta,
1386 1230 1409 1293 si
1426 1228 1460 1293 Fe
1503 1249 1509 1311 ς

459 1325 544 1381 stum
568 1315 748 1379 Nativitatis
773 1312 964 1390 Dominum,
996 1313 1046 1378 die
1068 1314 1139 1399 ipso
1166 1317 1282 1381 venire
1306 1318 1462 1401 eontigerit,
1505 1339 1509 1398 p

459 1404 632 1477 conatibus,
667 1410 800 1487 propter
822 1401 909 1465 Festi
933 1402 1180 1478 excellentiam,
1217 1406 1309 1470 vesci
1341 1413 1463 1493 possunt,
1505 1406 1509 1467 ἶ

458 1491 635 1557 secundum
671 1489 934 1553 consuetudinem
958 1489 1109 1554 Ecclesiae
1144 1494 1325 1573 generalis.
1359 1492 1417 1559 Nec
1437 1501 1464 1557 ta·

459 1601 534 1646 merx
557 1579 589 1642 hi
614 1576 869 1662 reprehendendi
894 1585 986 1652 sunt,
1012 1578 1065 1662 qui
1090 1575 1130 1642 ob
1156 1578 1367 1647 devotionem
1389 1582 1466 1645 volue-

458 1670 525 1733 rint
548 1666 710 1730 abstinere
734 1694 763 1728 o.
795 1665 884 1729 ldem
917 1666 1058 1740 sentiaS,
1091 1664 1293 1733 siFestum
1316 1669 1466 1734 Natiuitatis

459 1754 608 1819 inciderit
631 1754 662 1816 in
687 1753 885 1826 Sabbatum',
922 1754 997 1838 quia
1032 1754 1092 1818 etsi
1127 1754 1161 1817 iu
1197 1763 1291 1822 textu
1317 1777 1416 1823 sermo
1435 1756 1467 1820 ha·

459 1842 575 1906 beatur
599 1839 637 1904 de
661 1840 753 1904 Feria
777 1850 888 1914 sexta,
922 1842 975 1905 ubi
1002 1849 1106 1905 tunren
1131 1840 1249 1908 eadem
1277 1853 1371 1929 urget
1393 1846 1467 1917 ratio,

461 1930 505 1993 ibi
529 1948 655 2014 qtroque
679 1928 790 1992 eadem
826 1929 910 2010 viget
945 1930 1025 2012 legis
1050 1928 1246 2013 dispositio,
1282 1954 1347 1998 non
1371 1932 1468 2019 quiden

460 2017 643 2091 extensive,
679 2016 735 2080 sod
769 2016 1041 2101 comprehensive.
1077 2018 1129 2081 Sic
1157 2017 1310 2085 Telemus
1339 2043 1378 2085 ee
1397 2017 1468 2109 prati

461 2126 633 2170 coturnum.

503 2192 584 2256 Vlll.
610 2189 696 2255 lnira
720 2189 872 2255 Octavam
904 2190 1107 2265 Natiuitatis,
1131 2190 1291 2278 Vespero
1325 2215 1419 2281 usque
1445 2190 1469 2257 ad

459 2280 642 2366 Capitulum
665 2287 741 2343 stant
764 2279 905 2363 quotidie
930 2279 969 2344 de
993 2279 1165 2344 Nativitate
1189 2285 1413 2366 persolvenda
1432 2280 1472 2367 (ut

459 2371 492 2433 in
524 2367 673 2432 secundis
703 2365 898 2452 Vesperis),
924 2368 1050 2431 tametsi
1075 2377 1229 2433 occurrat
1264 2372 1315 2435 vel
1348 2378 1472 2457 sequatu

458 2457 590 2521 Festum
614 2455 730 2540 duplex
754 2456 866 2539 primae
891 2456 1026 2528 classis;
1059 2463 1090 2520 et
1122 2457 1257 2540 quidem
1289 2461 1356 2526 ritu
1380 2456 1472 2544 duplici

459 2547 487 2609 si
510 2543 642 2608 Festum
665 2542 809 2607 incidens
833 2550 888 2607 aut
912 2543 1110 2628 subsequens
1135 2545 1178 2608 sit
1203 2545 1337 2631 duplex,
1361 2545 1472 2613 semidu-

459 2633 537 2718 plici
562 2641 679 2715 autem,
704 2631 730 2694 si
755 2637 905 2695 neutrum
929 2630 1059 2696 Festum
1083 2630 1202 2716 duplex
1226 2632 1338 2700 luerit.

505 2720 558 2783 lX.
582 2718 627 2782 lle
651 2718 769 2783 Octava
793 2718 984 2793 Natiuitatis,
1008 2726 1119 2804 utpote
1143 2720 1371 2806 privilegiata,
1393 2722 1424 2787 tit
1441 2721 1473 2806 ju·

339 2852 343 2857 -
461 2809 546 2890 giter
569 2807 854 2881 commemoratio,
887 2807 1031 2891 qtramvis
1055 2805 1138 2871 inlra
1162 2807 1256 2873 illam
1284 2809 1412 2876 Festum
1433 2809 1471 2873 du·

459 2895 533 2977 plcx
557 2896 668 2977 prime-
692 2895 988 2959 classisooourrat.
1013 2894 1082 2959 uon
1106 2893 1219 2960 itidem
1246 2897 1285 2962 dt
1310 2898 1350 2963 de
1374 2895 1475 2962 ouans

459 2982 492 3046 S.
510 2980 675 3065 Stephani,
700 2981 732 3046 S.
749 2981 881 3046 loannis
905 3001 942 3046 ao
967 2981 1017 3046 SS.
1035 2982 1274 3061 Innocentium,
1293 2987 1320 3052 si
1345 2984 1423 3052 inira
1438 2999 1475 3048 eas

459 3069 577 3134 alicubi
601 3068 730 3133 Festum
756 3068 874 3155 duplex
897 3069 1009 3154 primae
1034 3071 1147 3136 classis
1171 3072 1337 3139 inciderit.
1360 3075 1401 3138 tt
1421 3088 1475 3136 vero

459 3159 487 3222 si
510 3156 658 3222 inciderit
675 3158 792 3242 duplex
814 3157 964 3222 secanda
982 3158 1104 3234 classis,
1122 3161 1273 3226 nonnulli
1298 3163 1476 3228 arbitrantur

458 3247 490 3310 in
515 3267 552 3310 eo
577 3246 915 3310 commemorationem
940 3246 1097 3328 agendam
1118 3266 1190 3311 esse
1214 3246 1256 3312 de
1281 3249 1372 3316 hisce
1395 3248 1475 3313 tribus

458 3334 597 3409 OctariS,
615 3335 699 3418 quia,
716 3333 816 3418 ajunt,
834 3334 940 3398 locum
966 3333 1062 3399 habet
1083 3340 1355 3404 commemoratio
1372 3336 1476 3403 (letare
1507 3362 1509 3373 ·

459 3422 491 3487 S.
517 3420 670 3506 Stephani
701 3423 732 3484 in
758 3420 851 3485 Festo
884 3421 916 3485 S.
941 3421 1094 3498 loannis,
1126 3429 1159 3487 et
1190 3422 1322 3492 Oetaeae
1348 3427 1428 3492 illius
1454 3427 1475 3485 et

457 3511 550 3574 istius
574 3511 606 3572 in
630 3509 724 3573 Festo
749 3508 797 3573 Ss.
824 3509 1067 3584 Innocentium,
1098 3511 1158 3574 etsi
1183 3512 1283 3578 atnbo
1313 3515 1379 3580 sint
1400 3513 1474 3577 Festa

459 3599 598 3682 duplicia
635 3595 783 3661 secundae
815 3598 938 3661 classis.
974 3597 1192 3663 Veruntamen
1228 3619 1329 3668 casus
1362 3602 1411 3667 hic
1441 3603 1475 3662 est

458 3684 686 3769 particularis,
710 3684 844 3769 ideoque
868 3684 909 3748 ad
934 3705 1028 3749 casus
1053 3687 1133 3750 alios
1157 3686 1295 3754 minime
1319 3696 1370 3756 est
1393 3685 1475 3772 appli-

459 3770 602 3844 candus;
627 3773 806 3856 presertim
832 3792 905 3836 cum
929 3772 961 3836 id
984 3771 1106 3838 eisdem
1130 3771 1262 3840 Octavis
1294 3789 1476 3864 nequaquan

460 3868 620 3940 congruat
642 3879 678 3924 ex
705 3859 886 3945 privilegio,
911 3859 969 3924 sed
992 3862 1129 3926 maxime
1153 3881 1192 3926 ex
1216 3865 1361 3947 quadam
1385 3879 1476 3930 conte·

459 3947 581 4012 aientia
606 3966 676 4029 quac
692 3948 776 4012 inter
792 3948 879 4033 ipsas
906 3955 971 4012 tres
989 3945 1125 4013 Oetaeas
1149 3949 1347 4030 intercedit,
1364 3965 1477 4038 quaeque

460 4033 575 4104 eudem
599 4041 647 4099 est
671 4055 707 4100 ac
731 4035 815 4102 iuter
847 4036 908 4101 tria
931 4036 988 4102 illa
1012 4036 1128 4112 Festa;
1154 4057 1257 4123 quare
1285 4041 1325 4109 de
1349 4061 1409 4110 una
1430 4053 1481 4104 not·
