3484 4875
717 590 1028 661 nouornrrouns
1148 558 1151 564 ’

549 762 604 829 ln
636 761 808 827 Festa
840 759 1198 845 septembr-ts

338 974 410 1041 Dies
432 970 544 1037 Mensis
567 970 598 1036 l.
621 1006 665 1018 -
687 968 710 1035 l.
735 970 842 1035 Prima
866 969 917 1035 die
940 990 1004 1035 non
1027 967 1182 1055 impedita
1203 956 1322 1030 11011018

382 1062 467 1127 cium
495 1058 733 1124 [leluuctorum.
764 1058 839 1122 Vide
862 1080 888 1123 c.
913 1059 932 1122 7
956 1082 986 1123 0.
1013 1059 1030 1122 5
1056 1070 1085 1123 01
1108 1079 1134 1122 0.
1160 1057 1178 1122 8
1202 1078 1230 1119 n.
1250 1053 1293 1117 81.

427 1148 465 1213 11.
490 1148 582 1235 Apud
605 1148 780 1212 Nertiarios
812 1155 902 1211 extra
934 1146 1081 1212 Claustra
1113 1146 1276 1228 degentes,
1298 1138 1322 1202 lu

382 1238 489 1321 agitur
512 1239 580 1302 dies
603 1236 723 1302 Octava
745 1234 777 1300 S.
796 1235 947 1300 ludovici
970 1235 1067 1319 Regis
1091 1243 1122 1299 01
1148 1230 1320 1298 (1001000010

382 1345 444 1412 qna
477 1325 584 1391 omnia
614 1325 823 1411 perficiuntur
847 1332 880 1389 ut
912 1325 944 1389 in
975 1322 1037 1389 fine
1065 1323 1169 1389 nostri
1191 1317 1322 1386 Breviorii

382 1414 532 1480 Nissalis.
556 1412 759 1479 8110010108.
783 1412 939 1489 lsahellae,
963 1432 1000 1476 ex
1024 1412 1232 1477 concessione
1253 1408 1281 1473 S.
1300 1404 1322 1467 11

385 1501 779 1577 1811001.1885,111000
803 1502 970 1587 reponitur
994 1501 1044 1566 die
1069 1502 1107 1566 ll
1128 1500 1222 1586 hujus
1247 1507 1322 1577 temp

383 1592 416 1655 in
440 1591 516 1656 sede
538 1592 680 1677 propria.

427 1678 481 1744 lll.
506 1678 540 1744 Si
563 1677 791 1745 celebrandum
823 1680 866 1744 sit
889 1675 1035 1743 Officium
1067 1676 1100 1743 S.
1124 1675 1243 1761 AEgidii
1274 1671 1322 1739 181

293 1765 296 1769 ’
384 1767 449 1832 ritu
473 1768 621 1854 simplici,
638 1767 670 1832 id
693 1768 912 1852 praestandum
935 1768 1021 1851 qnod
1037 1766 1195 1831 ediximus
1219 1763 1276 1829 sub
1296 1762 1322 1824 11

384 1856 505 1941 Aprilis
528 1877 559 1921 n.
583 1852 637 1920 lll.
654 1856 750 1921 Nissa
773 1858 833 1921 erit
850 1856 889 1921 de
906 1855 1074 1920 Communi
1097 1855 1268 1920 18801000.
1284 1851 1312 1915 81

385 1944 518 2009 dicenda
542 1945 703 2009 0111111000
726 1944 775 2009 Ss.
801 1944 974 2009 Duodecim
997 1943 1149 2010 Fratrum
1173 1942 1322 2028 Martyron

263 2110 267 2119 Ι
384 2034 523 2099 sumitur
545 2053 563 2098 0
585 2032 680 2098 Festo
704 2032 739 2097 8.
761 2033 987 2121 symphorosae
1012 2033 1051 2098 18
1076 2032 1166 2106 tutti,
1190 2051 1264 2096 eum
1284 2027 1321 2092 llr

384 2120 479 2187 nibus
502 2142 573 2208 quae
596 2123 629 2187 in
653 2121 772 2187 Nissali
796 2122 855 2187 hac
878 2123 948 2207 ipsa
973 2122 1023 2187 die
1046 2121 1250 2187 exhibentur.

342 2208 373 2283 2.
395 2247 441 2261 -
463 2209 594 2276 Secreta
625 2210 658 2276 8.
683 2209 836 2296 Stephani
866 2210 962 2295 Regis
994 2217 1026 2274 et
1049 2209 1251 2275 Confessoris
1282 2225 1322 2270 cor

386 2298 490 2365 denda
514 2309 563 2364 est
586 2299 648 2363 Per
670 2300 811 2363 eurndent
836 2299 1002 2363 Dominum
1026 2299 1154 2364 010110
1178 2294 1322 2361 Missnlet

387 2389 526 2476 typicum
550 2388 657 2454 Rornoe
680 2388 752 2453 edit.
777 2384 949 2454 antam.

343 2476 373 2542 8.
396 2514 441 2527 -
462 2478 486 2543 l.
510 2477 569 2543 Ubi
592 2477 722 2542 Festum
746 2477 925 2543 Natiuitatis
949 2477 984 2541 Β.
1009 2476 1048 2542 M.
1071 2475 1108 2541 V.
1134 2476 1312 2541 celebratur

387 2565 508 2652 duplici
531 2563 642 2652 primae
666 2566 789 2642 0100010,
814 2564 853 2629 de
877 2565 909 2630 S.
926 2564 1066 2630 Adriano
1091 2565 1171 2630 nihil
1195 2564 1242 2629 fit.
1259 2563 1322 2643 Quo

385 2654 430 2718 ihi
454 2656 566 2720 octava
588 2655 696 2718 800110
720 2655 837 2720 desinit
866 2655 907 2720 ad
931 2674 1023 2719 voces
1047 2654 1159 2720 Sedere
1191 2664 1296 2727 tetam,

386 2762 462 2808 vero
485 2744 596 2830 incipit
618 2742 715 2808 ludes
746 2753 876 2818 nutem·
908 2745 994 2808 etin
1026 2742 1178 2808 secundis
1201 2738 1322 2828 Vesperi

386 2832 526 2896 mittitur
549 2833 811 2896 commemoratio
835 2831 868 2898 S.
892 2830 1054 2916 Gorgonii.

431 2918 470 2983 ll.
495 2917 626 2998 Quoties
650 2919 808 3004 agendum
831 2922 874 2986 sit
897 2920 936 2986 de
967 2921 1017 2985 die
1040 2918 1124 2985 inira
1147 2915 1322 2986 Octavaml

387 3007 495 3072 vitatis
517 3007 552 3072 B.
576 3008 616 3074 ll.
632 3007 681 3085 V„
704 3010 810 3074 omnia
833 3011 1060 3095 persolvuntur
1084 3016 1119 3073 nt
1134 3009 1181 3074 ihi
1198 3018 1231 3075 01
1253 3003 1322 3072 inl

387 3095 484 3160 Nissa
507 3105 557 3162 est
579 3103 615 3162 ut
637 3096 670 3161 iu
693 3095 754 3171 die,
776 3097 798 3162 8
822 3098 931 3164 Oratio
956 3098 995 3163 de
1018 3097 1141 3183 Spiritu
1166 3106 1290 3172 sancto,
1311 3094 1322 3157 l

387 3183 490 3250 clerice
512 3185 560 3253 uel
576 3204 635 3271 pro
652 3185 748 3271 Papa.
765 3183 883 3252 Verum
900 3188 928 3251 si
951 3187 1078 3271 quando
1096 3185 1241 3272 Simplex
1257 3203 1322 3250 0000

389 3274 428 3339 de
451 3274 513 3339 isto
545 3273 650 3339 00118
674 3273 805 3350 Oratio,
838 3277 857 3339 5
882 3274 921 3340 de
945 3275 1067 3360 Spiritu
1090 3286 1227 3353 sancto,
1260 3281 1322 3340 ete

387 3361 534 3430 Ecclesioe
555 3363 606 3430 uel
628 3381 687 3448 pro
711 3363 796 3450 Papa
820 3364 1015 3450 praeteritur.

433 3452 488 3518 lll.
512 3452 606 3517 Nissa
630 3449 663 3516 S.
686 3451 819 3517 Adriani
842 3452 1002 3539 Martyris,
1019 3453 1047 3516 si
1062 3450 1147 3517 sorte
1171 3447 1320 3519 01100811

390 3540 430 3606 da
453 3543 506 3619 sit,
530 3540 667 3606 sumitur
691 3539 729 3605 de
746 3539 913 3606 Communi
937 3541 1030 3606 unius
1053 3541 1206 3627 Martyris
1229 3537 1323 3608 nonl

389 3629 458 3693 ficis
481 3630 585 3715 primo
610 3629 692 3697 loco.
715 3648 830 3714 nempe
852 3629 890 3694 ln
912 3629 1033 3694 uirtute.

345 3715 510 3783 Dominioa
534 3715 1071 3783 (11010100001000011101101101ἰο
1095 3717 1131 3782 B.
1160 3718 1202 3783 M.
1226 3719 1263 3784 V.
1287 3717 1322 3782 Fe

389 3806 555 3890 peragitur
578 3805 646 3891 ejus
669 3804 725 3870 SS.
749 3805 894 3872 Nominis
918 3814 952 3872 ut
975 3827 1012 3872 ex
1035 3805 1232 3873 Kalendario
1255 3808 1318 3892 liqu

391 3890 548 3977 ejusmodi
564 3892 674 3959 Officio
690 3894 780 3959 locus
803 3915 867 3960 uon
890 3895 982 3960 adest
1004 3897 1305 3961 commemorationi

391 3999 461 4057 rae,
484 3980 623 4066 itemque
653 3983 686 4047 in
717 3982 865 4048 secundis
889 3984 1039 4068 Vesperis
1063 3982 1150 4049 Festi
1174 3985 1322 4050 Nativitat

391 4066 568 4136 Sabbatum
590 4069 759 4138 incidentis
783 4073 1046 4140 commemoratio
1070 4070 1128 4140 SS.
1152 4072 1299 4142 Nominis
