3484 4875
364 488 429 555 ute
585 506 757 553 muortnou
773 505 803 551 m
819 504 1022 553 uueoouaotu
1037 504 1175 552 nasorum

343 635 413 702 quae
433 614 499 701 jam
523 612 730 679 indicavimus
753 619 812 699 pro
836 611 1088 697 Quadragesima
1111 610 1189 688 31,
1206 606 1335 675 sedcolo‘
1372 605 1404 689 ,fro

342 704 435 789 nigri.
468 702 598 767 lleteete
629 702 729 767 Cruce
751 702 824 767 Arae
847 701 1000 787 majoris,
1030 701 1070 767 ab
1094 702 1165 766 aliis
1193 717 1296 786 quoque
1320 726 1348 752 ,„,.
1374 724 1409 754 .

342 792 519 858 Ecclesiam
551 789 717 856 confestim
750 789 928 855 detrahitur
951 790 1078 866 velum,
1101 791 1130 855 si
1153 786 1298 855 commode
1317 798 1349 841 ιιι
1385 804 1409 845 aa

343 888 459 968 potest,
482 900 574 945 secus
598 888 670 965 post
693 876 847 944 Cilicium.
862 877 1001 943 Monotes
1020 900 1054 968 p.
1076 878 1097 943 1
1121 876 1312 944 339331.
1348 902 1351 928 ι
1376 904 1389 931 e

341 990 415 1036 rum
446 989 508 1036 uon
533 968 723 1053 deteguntur
754 967 945 1032 Sanctorum
969 966 1150 1052 Imagines,
1182 967 1228 1033 uti
1256 962 1360 1056 superi-¹
1377 961 1409 1025 'S

342 1148 409 1213 lum
426 1146 584 1233 deponere
600 1146 748 1211 Casulam
772 1153 803 1209 et
825 1144 1057 1221 Calceamente,
1081 1144 1138 1210 sed
1155 1153 1187 1211 et
1203 1142 1333 1229 Manipul
1382 1155 1409 1206 t:

343 1236 375 1302 S.
399 1235 435 1301 lt.
462 1236 494 1302 C.
520 1237 560 1300 15
591 1235 674 1321 Sept.
707 1233 791 1299 1756
821 1233 853 1298 in
887 1232 1033 1299 Toletano
1063 1234 1104 1298 31
1134 1234 1166 1299 lt.
1190 1233 1226 1299 ld
1255 1234 1338 1319 ipson

343 1325 482 1391 Diacono
506 1332 537 1389 et
561 1323 760 1388 Subdiacono
788 1322 1007 1408 prestandum
1030 1330 1100 1399 est,
1133 1321 1190 1388 sed
1214 1320 1310 1408 quoad
1330 1324 1357 1376 ei
1389 1345 1409 1386 e

345 1422 507 1480 eeameuta
531 1420 637 1499 potest
659 1412 698 1477 ab
722 1412 760 1476 iis
784 1411 909 1476 diverse
936 1411 1133 1477 cousuetudo
1161 1412 1290 1477 servari.
1309 1408 1331 1473 S.
1391 1434 1397 1473 3

346 1502 378 1568 C.
402 1502 444 1567 ut
468 1503 551 1589 Sept.
571 1500 654 1566 1157
678 1500 710 1564 io
731 1499 879 1565 Moticea.
904 1500 946 1564 ool
968 1500 998 1566 1.
1017 1499 1185 1566 Canonicis
1210 1496 1352 1564 Cathedre
1391 1557 1393 1562 ,

344 1590 420 1657 oum
445 1590 484 1655 ad
501 1590 610 1654 Crucis
634 1588 852 1654 adorationem
874 1588 1036 1665 incedunt,
1060 1589 1136 1655 licet
1159 1588 1287 1674 quidem
1305 1589 1356 1651 er'>
1392 1612 1400 1653 o

344 1680 466 1765 piscopi
491 1679 618 1743 licentia
635 1679 869 1743 extremitatem
887 1698 996 1763 eoppae
1020 1677 1201 1753 demittere,
1218 1698 1279 1742 nou
1300 1684 1356 1739 taor
1388 1702 1405 1744 r

343 1768 426 1833 hano
443 1766 573 1831 Clericis
595 1765 779 1831 elevandam
803 1764 940 1831 tradere.
957 1767 988 1832 S.
1006 1765 1041 1831 R.
1061 1765 1093 1831 Ο.
1112 1767 1154 1831 to
1177 1766 1261 1855 Sept.
1278 1759 1360 1831 tttt‘
1389 1768 1403 1832 't

349 1856 508 1922 Cortonco.
525 1855 566 1919 od
589 1854 610 1918 1
633 1863 662 1918 et
687 1855 723 1919 Η
742 1853 836 1920 Mort.
861 1854 996 1920 1117713
1022 1855 1241 1942 Colotoperon.
1259 1852 1296 1918 od
1313 1851 1335 1916 1.
1364 1872 1391 1904 ἰ

345 1944 501 2009 Absoluta
525 1942 709 2008 adoratione
733 1952 902 2027 erectaque
920 1942 1022 2009 denuo
1046 1942 1148 2008 Crono
1172 1963 1271 2029 super
1290 1940 1338 2008 tt

343 2033 510 2099 Processio
542 2031 708 2097 ordinatur
732 2039 765 2097 ut
796 2033 828 2097 in
853 2030 982 2097 Missali.
1005 2032 1054 2097 Ad
1078 2029 1194 2098 Oblata
1223 2052 1282 2098 non
1392 2037 1407 2101 t

344 2121 461 2187 dieitur
484 2141 565 2207 aqua
590 2141 690 2206 neque
715 2120 810 2195 thus;
834 2129 907 2206 post
931 2119 1119 2186 Oblatornm
1143 2119 1351 2186 thurificatio
1394 2159 1397 2164 -

344 2212 461 2277 iterum
484 2211 614 2276 minime
636 2211 819 2275 incensatur
843 2207 899 2274 SS.
924 2208 1181 2287 Sacramentum,
1205 2209 1263 2275 scd
1284 2212 1365 2280 taut¹
1393 2213 1409 2276 13

344 2299 428 2366 Crux
444 2306 488 2365 et
511 2299 621 2365 ditare
645 2317 732 2363 more
756 2299 851 2363 solito
884 2319 957 2364 cum
980 2297 1096 2363 debitis
1127 2293 1341 2383 genuflexiouib
1395 2303 1409 2365 J.

341 2388 375 2454 S.
399 2388 434 2455 11.
462 2389 493 2454 0.
520 2389 538 2453 5
561 2386 625 2453 tet.
651 2386 735 2453 1698
766 2387 798 2451 in
821 2386 1056 2453 Panormitano.
1080 2385 1130 2453 Ad
1166 2386 1260 2453 Orate
1280 2384 1331 2452 1133
1396 2396 1398 2448 t

343 2498 406 2543 nou
437 2476 650 2564 respondetur
680 2476 835 2564 Suscipiot
857 2475 1030 2551 Dominus:
1054 2475 1096 2542 ad
1118 2474 1176 2542 SS.
1201 2476 1363 2542 Hostia
1398 2481 1409 2543 1

343 2567 502 2633 nationem
534 2586 635 2651 neque
666 2565 740 2630 thus
763 2565 954 2641 adhibetur,
986 2585 1044 2631 neo
1074 2565 1218 2630 Planetae
1249 2566 1323 2630 olera
1346 2583 1354 2607 t
1399 2569 1409 2631 ἰ

343 2655 486 2721 fimbriae.
511 2653 682 2720 Celebrans
705 2655 881 2720 immittens
913 2654 1105 2739 particulam
1129 2653 1251 2719 Hostiae
1273 2655 1302 2719 in
1341 2683 1363 2719 2.
1398 2658 1409 2719 l

345 2763 412 2809 cem
437 2746 563 2828 siguum
587 2742 697 2808 Crucis
721 2743 783 2808 uon
807 2741 974 2819 efformet,
999 2763 1102 2828 neque
1126 2751 1295 2829 autequam
1315 2760 1352 2802 tr:

343 2840 449 2897 sumat
472 2851 544 2896 oum
568 2833 651 2907 vino,
675 2831 780 2898 Calicc
804 2851 839 2897 se
862 2831 977 2916 signat.
1001 2831 1032 2898 S.
1056 2832 1092 2897 R.
1119 2829 1150 2896 C.
1176 2831 1195 2896 7
1221 2831 1298 2917 Aop.
1397 2867 1398 2872 κ

341 2921 375 2983 in
397 2941 459 2984 ono
486 2919 584 2985 Urbis.
608 2921 757 3005 Vesperae
781 2930 816 2985 ut
838 2919 919 2996 heri,
943 2919 1085 2985 candelis
1109 2921 1266 2996 accensis,
1288 2936 1322 3004 pe
1400 2947 1404 2977 t

343 3016 470 3084 vuutur,
493 3008 533 3073 31
555 3007 734 3097 Mopoifecot
757 3008 939 3093 Antiphone
963 3016 1012 3074 est
1034 3009 1177 3094 propria.
1367 2999 1370 3008 ’
1400 3049 1403 3058 .

417 3097 468 3162 11.
493 3095 584 3161 Seria
615 3107 704 3163 sexta
726 3097 759 3162 iu
783 3097 978 3173 Parasceve,
1009 3118 1048 3163 ex
1078 3088 1379 3164 communicantem

344 3185 416 3273 June
445 3193 539 3271 atquc
575 3185 803 3251 consuetudine
836 3186 896 3251 sub
931 3186 1059 3252 mortali
1081 3184 1275 3251 Sacerdotes
1301 3174 1409 3278 enuit

344 3275 555 3363 prohibentur
570 3273 626 3339 SS.
644 3275 749 3340 llissoo
772 3273 971 3340 Sacrificium
995 3273 1110 3340 offerre
1133 3275 1200 3339 sive
1224 3273 1340 3360 publice
1353 3284 1406 3331 sev

343 3384 381 3430 vc
404 3365 563 3452 privatim.
590 3362 664 3428 Vide
687 3385 712 3429 c.
730 3362 892 3428 Sabbatho
917 3363 958 3428 17
982 3363 1088 3428 atsto
1113 3363 1151 3427 de
1174 3359 1383 3457 consecratore

341 3453 438 3519 llissa
460 3451 1032 3519 1333333111331333331331333333
1055 3452 1087 3516 in
1102 3452 1281 3517 Parasceve
1301 3446 1387 3531 nequi*

343 3541 516 3607 alliaeono
540 3542 616 3607 licet
636 3540 744 3627 jejuno
769 3541 902 3617 absolvi,
920 3541 946 3605 si
971 3539 1164 3626 impediatur
1181 3539 1331 3606 Sacerdos
1348 3551 1387 3598 rt·-

343 3632 474 3716 peutino
499 3631 611 3695 morbo
636 3638 814 3715 correptus.
838 3629 905 3695 lloc
928 3632 960 3694 io
985 3649 1079 3703 casu,
1103 3628 1157 3694 ubi
1178 3628 1305 3715 jejunus
1325 3620 1390 3690 tet

345 3718 429 3783 alios
452 3718 625 3794 SacerdoS,
649 3719 688 3783 ab
712 3718 822 3785 Officio
847 3738 903 3783 seu
927 3717 1102 3783 Functionc
1126 3718 1315 3783 cessandum
1333 3716 1382 3783 eat,

343 3813 375 3871 et
398 3807 598 3872 recondenda
615 3805 671 3873 SS.
689 3807 799 3872 Hostia
815 3807 848 3871 iu
865 3806 1131 3881 Taberoaculum,
1150 3814 1185 3872 ut
1209 3807 1261 3872 die
1284 3809 1383 3892 postera

343 3903 417 3980 post
448 3894 563 3960 Calicis
594 3895 745 3962 haustum
769 3916 786 3960 a
810 3894 999 3962 Celebrante
1031 3902 1189 3961 sumatur.
1213 3895 1245 3962 S.
1270 3894 1304 3961 tt.
1327 3884 1381 3957 Si

342 3983 435 4050 Mart.
462 3983 546 4049 ttu5
570 3983 660 4051 11333.
683 4006 787 4071 peace.
810 3983 846 4048 ln
869 3984 962 4049 Seria
986 3984 1046 4049 hac
1070 3982 1110 4049 ad
1134 3982 1303 4051 Orationes
1323 3994 1382 4067 pro·

342 4073 478 4159 scriptas
494 4071 694 4159 adjungenda
716 4094 780 4140 nou
800 4081 849 4139 est
864 4073 927 4140 alia
950 4072 1155 4161 particularis
1175 4092 1236 4161 pro
1252 4072 1380 4161 Episcopo
1407 4160 1409 4167 Ι
