3484 4875
535 423 555 464 ,
1324 419 1332 438 .

561 514 784 564 mnornrvosns
800 514 830 560 nv
846 513 938 561 snsnu
954 515 1088 563 sxuuunu
1277 499 1340 566 155

374 623 425 690 lV.
451 624 489 691 ln
512 624 610 689 blissa
633 621 675 688 ad
696 621 795 686 verba
818 620 981 706 Evangelii
1002 621 1042 688 Et
1061 622 1258 711 procidentes
1288 625 1362 693 odo·

335 722 481 779 roocruot
505 733 592 788 osum,
616 709 789 776 celebrans
813 708 896 775 libro
921 710 1075 776 obversus
1099 711 1305 796 genuflectit;
1330 715 1361 781 in

335 800 474 867 Solomni
491 820 567 865 vero
591 800 660 886 ipse
684 799 723 862 ad
748 799 868 873 litare,
893 797 1053 864 Diaconos
1077 800 1117 865 ad
1141 798 1269 876 librum,
1287 801 1364 868 dum

336 889 556 955 subdiaconus
581 898 613 953 et
636 884 826 952 Cerolerarii
849 893 959 961 siaul,
991 896 1086 973 atque
1110 888 1154 952 ita
1178 907 1307 974 sempor
1331 890 1363 955 in

335 978 491 1043 similibus
522 975 668 1042 efficitur.
693 973 793 1039 Hodie
818 981 892 1059 post
914 974 1121 1059 Evangelium
1154 975 1258 1041 Missae
1281 977 1363 1044 Pon-

336 1065 458 1130 tifioalis
483 1085 503 1129 a
526 1064 685 1129 Canonico
706 1062 838 1146 juniori,
862 1062 924 1126 nisi
949 1063 1041 1128 alteri
1066 1064 1170 1129 soleat
1193 1064 1225 1129 id
1250 1084 1360 1130 invine-

335 1154 376 1218 ris
399 1152 538 1225 deferri,
563 1151 769 1237 publicantur
792 1148 886 1214 Festa
913 1149 1044 1214 mobilia
1068 1152 1207 1217 incuntis
1231 1153 1306 1218 anni
1331 1162 1366 1218 ut

336 1243 364 1306 iu
380 1240 563 1306 Pontificali
580 1240 735 1303 liomano.
753 1238 784 1301 S.
798 1236 834 1301 li.
851 1236 883 1302 0.
903 1239 943 1302 lli
961 1237 1032 1302 don.
1048 1239 1131 1304 taut
1151 1241 1181 1303 in
1198 1240 1365 1306 Ascutono.

375 1329 412 1394 V.
438 1329 497 1394 Die
522 1326 708 1413 Epiphaniae
737 1324 834 1389 uvvllao
858 1334 934 1390 sunt
958 1325 1106 1411 lixoqnim
1136 1347 1229 1393 mane
1259 1329 1367 1414 palam

334 1415 548 1502 peragendas,
572 1435 631 1479 neo
655 1419 844 1478 consuetum
876 1433 939 1478 cero
968 1433 1124 1500 campano
1149 1415 1308 1480 edendum
1332 1436 1364 1483 e·

334 1505 495 1570 mortuale
512 1504 650 1586 siguum,
670 1500 726 1565 sed
744 1499 890 1566 Ollio-inm
908 1521 979 1566 oum
998 1502 1147 1587 precibus
1164 1503 1366 1569 recitandum

333 1593 485 1678 privatim
509 1591 568 1655 sub
593 1608 781 1674 vesperam,
805 1589 855 1653 vcl
884 1587 1054 1655 Cadaveris
1079 1591 1175 1656 elatio
1199 1593 1232 1657 in
1255 1594 1367 1658 orasti-

333 1700 411 1746 num
436 1677 641 1744 reservanda.
674 1676 817 1763 idipsum
841 1676 1065 1743 observabitur
1089 1679 1120 1744 in
1146 1680 1262 1745 ceteris
1287 1700 1365 1764 quo·

336 1787 398 1855 que
415 1766 521 1832 Fastis
538 1763 796 1831 solemnioribus.
818 1763 947 1829 Consule
963 1787 988 1830 c.
1005 1766 1022 1830 7
1039 1789 1069 1831 u.
1086 1768 1122 1832 ll
1144 1778 1173 1832 ct
1190 1790 1214 1833 o.
1230 1769 1248 1833 u
1265 1790 1295 1832 o.
1314 1769 1367 1835 lb.

377 1854 431 1920 vl.
456 1853 493 1918 lvi
517 1853 666 1919 secundis
682 1852 833 1939 Vesperis
851 1852 1037 1939 Epiphaniae
1062 1856 1151 1921 nulla
1175 1855 1210 1920 su
1232 1876 1369 1922 comme·

334 1944 491 2017 moratio,
515 1943 578 2007 nisi
601 1940 733 2006 Festum
756 1942 817 2007 hoc
841 1941 874 2006 in
898 1939 1039 2008 Sabbato
1071 1945 1267 2019 occurrerit,
1298 1953 1367 2011 tum

335 2032 454 2117 quippe
477 2031 741 2095 commemoratio
772 2030 879 2113 agitur
903 2029 1077 2096 llominicro
1105 2030 1189 2097 inira
1212 2030 1366 2099 Octavam

335 2120 374 2204 (pi.
395 2117 529 2203 Osaces),
554 2118 602 2183 vel
625 2118 687 2183 nisi
712 2109 784 2182 cias
808 2117 926 2182 alicubi
949 2123 1100 2184 occurriat
1118 2119 1234 2205 duplex
1251 2120 1364 2205 primos

336 2208 461 2283 classis,
475 2214 531 2271 aut
542 2206 610 2270 dies
624 2207 732 2290 aliqua
745 2204 864 2270 Octava
877 2206 920 2270 sit
933 2225 970 2271 ex
983 2207 1149 2291 privilegio
1163 2207 1366 2273 celebranda.

378 2293 445 2360 Vll.
470 2294 504 2360 Si
528 2292 610 2360 inira
635 2292 788 2358 Octavam
809 2292 996 2378 Epiphaniae
1020 2294 1150 2380 aliquod
1174 2294 1293 2360 incidat
1310 2293 1367 2360 Fo-

338 2392 423 2450 stum
446 2381 656 2468 semiduplex‚
681 2382 848 2448 autetiam
867 2381 995 2469 duplex,
1013 2383 1096 2469 qvvod
1116 2383 1237 2449 nonsit
1255 2382 1367 2470 primm

340 2473 468 2546 elassis,
492 2479 562 2557 post
590 2470 742 2536 Octavam
768 2469 971 2537 transfertur.
997 2471 1091 2538 liobr.
1118 2471 1176 2537 bio.
1202 2470 1235 2536 Si
1260 2479 1369 2537 autem

338 2568 485 2625 oocvvrrat
508 2558 639 2625 Festum
663 2559 781 2645 duplex
805 2561 917 2645 primae
941 2560 1070 2635 classis,
1095 2559 1133 2624 do
1157 2579 1195 2624 oo
1219 2556 1366 2624 Officium

340 2648 532 2737 persolvitur
547 2668 621 2713 oum
637 2648 943 2714 commemoratione
960 2645 1088 2713 Octavo
1105 2645 1152 2734 (Ἴ.
1170 2647 1266 2713 liuor.
1285 2646 1329 2712 tit.
1349 2647 1368 2713 7

328 2957 430 3017 eutium
453 2955 481 3017 in
504 2954 575 3017 solis
595 2955 684 3032 Magis
718 2954 845 3032 perlecta
866 2971 923 3013 non
945 2953 1047 3014 extitit.
1068 2951 1261 3014 Nihilominus
1293 2951 1369 3013 inim

327 3043 429 3096 olavam
452 3037 591 3096 vocitatur
612 3032 810 3094 invitatorium
839 3033 953 3093 nomine
977 3037 1125 3109 Magorum
1154 3033 1226 3092 alios
1247 3031 1373 3092 invitan-

327 3132 365 3175 um
386 3116 422 3175 ad
444 3113 624 3176 adoraudum
647 3112 803 3174 Christum.
829 3114 952 3172 Consule
978 3113 1053 3171 Goo.
1076 3122 1144 3171 sect.
1167 3115 1184 3172 o
1207 3133 1231 3171 o.
1256 3113 1272 3172 7
1294 3130 1323 3170 o.
1347 3110 1376 3171 3.

327 3193 588 3273 dllesponsorium
612 3192 701 3252 breve
723 3192 849 3262 Tertiae,
870 3196 966 3253 Sextoe
987 3198 1015 3249 ct
1036 3193 1124 3252 Nouoe
1152 3190 1270 3250 additur
1292 3191 1372 3250 dilc-

328 3272 361 3348 p'o
381 3275 418 3334 nd
451 3272 579 3334 loetitiam
602 3270 717 3349 plenius
750 3270 962 3349 explicandam.
983 3269 1113 3344 idipsum
1146 3286 1234 3346 porro
1258 3266 1377 3328 minime

327 3351 448 3430 regitur
481 3351 517 3411 ad
546 3351 672 3410 Primam
694 3358 723 3408 et
743 3350 992 3428 completorium,
1014 3355 1045 3407 ut
1067 3346 1195 3406 Pusclmli
1228 3353 1378 3425 tenrporc;

328 3431 364 3491 vin
386 3430 526 3492 nimirum
549 3428 634 3490 hodie
656 3428 709 3488 etsi
733 3447 784 3488 nos
812 3429 895 3488 decet
918 3444 1018 3504 magun
1041 3424 1177 3502 periumli
1202 3423 1318 3495 laetitia,
1341 3441 1375 3484 ea

327 3528 392 3571 men
403 3528 497 3590 'qnam
513 3507 680 3583 longissime
701 3507 812 3568 abesto
827 3507 952 3567 coelestis
967 3502 1153 3567 beatitudinis
1168 3501 1283 3578 gaudio,
1298 3502 1376 3581 quod

327 3589 429 3651 mbolo
453 3589 592 3666 temporis
613 3585 759 3647 Pasclmlis
780 3585 967 3662 exprimitur.
992 3581 1099 3660 Confer
1124 3584 1286 3643 Tctomum.

355 3667 389 3748 (Ἴ
411 3672 518 3730 Auctor
534 3665 749 3727 Dissertationis
766 3664 793 3724 in
809 3665 951 3726 Rubricas
968 3660 1119 3733 breviarii,
1141 3660 1224 3741 cujus
1238 3658 1375 3738 opinandi

330 3748 439 3811 tionem
462 3747 533 3807 alias
556 3744 723 3807 censuimus
746 3743 863 3803 minime
887 3742 1089 3820 probabilem,
1117 3740 1220 3800 asserit
1242 3739 1317 3800 inira
1340 3742 1379 3799 0-

326 3845 411 3889 avum
434 3825 604 3904 Epiphaniae
625 3824 670 3902 agi
702 3842 757 3882 non
780 3840 865 3898 posse
888 3821 1020 3891 Oliioium
1048 3821 1084 3880 do
1106 3820 1268 3880 occurrenti
1293 3823 1378 3880 Festo

326 3908 406 3988 uplici
428 3906 533 3983 primae
554 3903 665 3974 classis,
686 3901 742 3961 nisi
764 3901 802 3961 sit
822 3901 859 3960 de
875 3899 1027 3979 principali
1047 3904 1168 3960 Patrono
1189 3907 1239 3959 aut
1252 3895 1377 3957 Tituiari

326 3997 344 4049 vt
364 3983 555 4049 Dedicatione
578 3981 704 4062 propriso
725 3979 883 4049 Ecclesiae,
908 3980 974 4060 quia
1000 3979 1126 4041 Rubricn
1148 3980 1203 4053 (tit.
1222 3977 1280 4038 Vll
1298 3994 1328 4034 n.
1343 3973 1374 4050 3)

326 4063 396 4129 ituit
417 4081 482 4126 esse
505 4061 696 4145 persolvenda
718 4059 780 4123 hoco
802 4067 913 4120 tautum
936 4056 1036 4120 Officia
1068 4076 1134 4122 oum
1166 4070 1376 4120 commemoro-
