3484 4875
570 496 790 545 unnornrrosns
806 499 836 544 ru
851 498 942 544 rnsra
958 498 1098 546 ocreatus
1279 483 1342 550 tuo

345 598 476 682 Octava,
499 604 580 671 alter
602 624 677 671 vero
700 604 891 673 transfertur
913 603 972 671 sub
995 606 1058 672 ritu
1075 604 1192 693 duplici
1208 608 1356 675 secunda

344 692 457 760 classis
481 693 514 758 in
536 694 672 780 primam
703 692 786 760 diem
817 714 881 760 non
911 693 1105 780 impeditam.
1141 693 1250 782 Confer
1272 695 1356 763 dioto

347 799 370 848 t.
393 782 415 847 2
437 805 468 849 n.
492 781 545 848 at.
568 782 700 849 Illorum
716 802 812 869 porro
829 781 973 848 Officium
989 782 1154 849 ordinatur
1170 784 1229 849 hoc
1247 784 1359 851 modo:

345 884 402 952 pro
427 870 459 935 S.
484 869 612 937 Simone
634 872 798 937 Lectiones
821 871 916 957 primi
938 870 1090 937 Nocturni
1124 880 1293 941 sumuntur
1316 869 1357 939 de

348 953 511 1026 Communi
532 961 770 1046 Apostolorum,
794 980 852 1046 pro
876 959 908 1026 S.
932 959 1012 1025 luda
1026 960 1153 1046 vlegitur
1176 961 1303 1028 Initium
1319 962 1359 1027 Ε-

349 1047 469 1130 pistolae
485 1048 627 1134 ejusdem
643 1048 796 1135 Apostoli.
813 1049 919 1113 Prima
935 1047 1041 1114 Lectio
1058 1048 1187 1115 secundi
1203 1050 1357 1117 Nocturni

348 1137 474 1222 propria
489 1136 589 1212 adest,
605 1138 686 1204 utin
703 1137 873 1213 Breviario,
897 1144 929 1202 et
952 1158 1024 1204 cum
1041 1157 1077 1204 ea
1094 1136 1189 1204 dividi
1206 1148 1353 1225 nequeat,

348 1219 374 1290 in
398 1233 535 1311 utroque
557 1224 651 1292 Nesto
674 1224 808 1310 legenda
830 1233 899 1300 est;
923 1224 1062 1292 secunda
1092 1246 1166 1292 vero
1198 1236 1231 1293 et
1262 1230 1358 1295 tertia

346 1310 487 1397 ejusdem
510 1313 641 1380 secundi
662 1314 835 1391 Nocturni,
870 1333 930 1400 pro
953 1314 984 1381 S.
1009 1314 1137 1381 Simone
1160 1317 1296 1381 sumitur
1320 1337 1358 1384 ex

344 1396 513 1467 Communi
535 1402 761 1489 Apostolorum
784 1403 886 1488 primo
903 1404 985 1480 loco,
1002 1423 1059 1491 pro
1077 1405 1230 1469 altercer
1247 1404 1360 1472 eodem

340 1484 510 1557 Communi
526 1490 664 1557 secundo
682 1492 762 1557 loco.
779 1490 944 1558 Lectiones
961 1491 1088 1559 demum
1104 1493 1191 1557 tertii
1206 1492 1360 1562 Nocturni

363 1598 402 1644 ro
426 1587 562 1665 utroque
595 1579 688 1646 Nesto
723 1580 898 1646 recitantur
932 1581 978 1647 uti
1012 1580 1104 1646 bodie
1126 1581 1158 1645 in
1186 1581 1358 1649 Breviario.

368 1668 452 1733 ratio
474 1668 507 1734 in
530 1668 684 1753 singulari
706 1688 837 1735 numero
861 1676 1043 1757 usurpatur,
1067 1688 1216 1756 expresso
1234 1671 1358 1737 scilicet

328 1756 472 1822 nomine
504 1758 555 1823 rel
588 1756 726 1823 Simonis
759 1759 809 1823 vel
837 1756 948 1834 ludam
972 1765 1004 1823 et
1027 1759 1054 1823 si
1076 1759 1200 1824 ratione
1223 1779 1358 1826 concur·

328 1846 454 1910 rentiae
477 1844 628 1911 varianda
650 1847 709 1922 sit,
732 1866 790 1934 pro
814 1848 1115 1914 commemoratione
1138 1846 1281 1914 adhiberi
1305 1870 1359 1935 po-

328 1932 405 1999 test
428 1932 536 1999 Oratio
560 1933 682 2019 Vigiliae
704 1935 737 2000 in
759 1935 923 2019 singulari,
946 1937 1114 2002 immutato
1145 1936 1241 2003 verbo
1269 1935 1357 2003 Proo-

328 2022 534 2087 ventuosis
557 2023 755 2099 celebramus,
779 2031 810 2088 et
833 2023 1008 2089 Prceceuict
1030 2025 1061 2089 in
1084 2024 1238 2112 imploret.
1262 2025 1359 2092 Missa

328 2120 399 2187 pro
424 2111 579 2176 alterutro
602 2111 753 2198 Apostolo
777 2111 893 2177 dicitur
924 2121 959 2178 ut
988 2113 1021 2177 in
1050 2112 1169 2178 Nissali
1198 2112 1258 2177 hac
1289 2115 1359 2198 ipsa

328 2192 403 2276 die,
419 2220 490 2265 curn
509 2197 711 2266 Oratiouibus
727 2202 760 2266 in
776 2200 939 2283 singulari.
961 2200 1033 2265 Gco.
1050 2209 1120 2265 sect.
1134 2201 1153 2266 7
1167 2223 1191 2266 o.
1207 2201 1248 2265 lb
1259 2223 1290 2266 u.
1303 2202 1357 2268 ιιι.

328 2326 336 2342 -
373 2325 418 2336 -
441 2287 464 2353 Ι.
489 2288 587 2354 Hodie
610 2287 694 2375 apud
728 2308 785 2353 nos
822 2290 963 2354 occurrit
995 2285 1139 2353 Officium
1167 2288 1206 2355 ad
1231 2288 1358 2355 libitum

328 2364 375 2442 Β.
399 2376 628 2444 Bonavcnturae
651 2397 669 2443 a
692 2377 857 2443 Potentia:
883 2397 922 2444 an
945 2376 996 2443 die
1019 2375 1078 2442 bac
1100 2375 1148 2442 fas
1172 2377 1215 2443 sit
1237 2396 1358 2463 ponere

328 2474 495 2552 perpetuo
519 2468 567 2532 vel
589 2487 647 2553 per
670 2466 816 2532 accidens
840 2467 970 2553 aliquod
995 2467 1205 2542 translatum,
1241 2467 1355 2552 collige

328 2565 379 2620 ex
403 2554 497 2620 dictis
521 2575 548 2621 c.
571 2555 594 2620 4
616 2576 647 2621 n.
672 2556 723 2620 t5.

382 2643 423 2710 ll.
445 2642 480 2709 Si
504 2641 596 2709 hodie
618 2641 713 2709 fuerit
736 2642 922 2722 Sabbatum,
944 2663 1028 2709 nona
1051 2641 1157 2708 Lectio
1174 2640 1358 2728 adjungitur

328 2725 378 2797 [le
401 2731 532 2798 bomilia
547 2729 670 2816 Vigilim
686 2733 826 2798 omnium
843 2731 1034 2796 Sanctorum
1051 2732 1247 2816 anticipatae;
1267 2731 1358 2818 cujus

328 2828 497 2974 Rraeterea
532 2820 791 2886 commemoratio
822 2821 931 2890 ,locum
967 2820 1063 2885 habet
1084 2821 1115 2886 iu
1139 2819 1300 2886 Laudibus
1324 2829 1356 2886 et

369 2910 433 2974 issa
458 2929 530 2975 cum
552 2909 653 2995 ipsius
669 2908 838 2993 Evangelio
855 2909 887 2974 in
905 2909 1007 2975 Nissae
1023 2908 1105 2985 tine;
1131 2909 1202 2974 dua
1225 2910 1357 2996 insuper

328 2996 543 3063 celebrantur
565 2998 669 3062 Nissae
693 2998 945 3074 Conventualus‚
980 3017 1059 3083 quas
1094 2998 1153 3063 rite
1189 2997 1356 3064 ordinandi

328 3085 455 3152 modus
477 3094 562 3172 patet
588 3106 625 3151 ex
649 3107 675 3151 c.
702 3087 720 3151 8
746 3107 775 3150 n.
799 3086 820 3151 b
844 3095 876 3151 et
899 3107 986 3173 seqq.
1011 3086 1053 3152 At
1075 3087 1102 3151 si
1126 3106 1227 3171 neque
1248 3107 1359 3154 occur·

328 3184 410 3251 rat,
434 3195 492 3240 uec
516 3173 732 3261 reponendum
767 3174 809 3240 sit
840 3174 970 3240 Nestum
1004 3174 1132 3260 aliquod
1167 3175 1284 3260 duplex
1306 3177 1356 3240 vel

328 3261 546 3348 semituptex,
569 3260 712 3329 Officium
736 3263 841 3348 agitur
864 3263 903 3328 de
926 3262 1039 3347 Vigilia
1063 3263 1245 3349 anticipata,
1269 3265 1352 3348 qtrod

330 3352 503 3418 ordinabis
527 3359 624 3438 prout
645 3352 794 3417 traditum
820 3361 868 3416 est
892 3350 950 3415 sub
975 3350 1025 3415 die
1040 3350 1083 3415 bl
1099 3348 1191 3415 Febr.
1216 3371 1246 3415 n.
1270 3351 1309 3416 ll.

330 3487 343 3504 .
368 3478 415 3490 -
437 3439 460 3505 l.
485 3439 518 3505 Si
542 3440 634 3505 hodie
658 3461 720 3506 non
745 3438 855 3506 incidit
877 3438 1051 3515 Numidica,
1074 3459 1158 3504 nona
1180 3439 1287 3504 Lectio
1305 3448 1354 3503 est

331 3527 377 3595 de
401 3529 532 3594 homilia
554 3528 677 3613 vigilie
700 3537 759 3594 etc.
784 3528 873 3593 utin
897 3526 1097 3593 Kalendario.
1115 3527 1160 3592 Ac
1183 3527 1210 3592 si
1233 3527 1349 3592 alicubi

330 3613 470 3684 Festum
493 3624 639 3683 recurrat
660 3617 780 3683 babens
803 3616 886 3681 idem
910 3611 1113 3699 llrangelium
1150 3635 1186 3680 ac
1215 3614 1353 3700 Vigilia,

329 3705 367 3772 id
392 3706 508 3792 perfice
533 3705 616 3792 quod
640 3707 818 3772 monuimus
841 3705 900 3769 sub
926 3704 974 3768 die
997 3704 1039 3768 ‘ld
1063 3702 1227 3770 Februarii
1251 3724 1281 3768 n.
1299 3704 1353 3772 xl.

379 3794 419 3860 ll.
445 3793 503 3861 Ubi
524 3795 557 3860 in
580 3793 693 3880 Vigiiia
716 3795 857 3859 omnium
881 3791 1071 3858 Sanctorum
1095 3792 1218 3858 accidat
1242 3800 1277 3858 ut
1299 3792 1354 3858 Ne·

333 3891 422 3951 stum
446 3883 642 3970 semiduplex
665 3882 853 3957 celebretur,
870 3882 946 3967 quin
974 3881 1079 3946 obstet
1094 3882 1354 3948 commemoratio

333 3970 471 4058 Vigiliae,
494 3971 534 4038 ad
549 3970 672 4038 Laudes
688 3992 750 4037 non
767 3979 841 4037 sunt
857 3969 1031 4036 omittenda
1049 3968 1204 4055 Suffragia
1221 3969 1353 4037 Sancto·

338 4080 432 4138 rum,
455 4061 548 4128 acin
571 4060 666 4128 Nissa
688 4059 833 4128 addenda
856 4067 915 4136 est,
941 4078 1003 4125 non
1027 4058 1157 4146 quidem
1180 4057 1288 4127 Oratio
1313 4059 1351 4126 de
