<?xml version="1.0" encoding="UTF-8"?>
<!DOCTYPE html PUBLIC "-//W3C//DTD XHTML 1.0 Transitional//EN"
    "http://www.w3.org/TR/xhtml1/DTD/xhtml1-transitional.dtd">
<html xmlns="http://www.w3.org/1999/xhtml" xml:lang="en" lang="en">
 <head>
  <title>
</title>
<meta http-equiv="Content-Type" content="text/html;charset=utf-8" />
  <meta name='ocr-system' content='tesseract 3.04.00' />
  <meta name='ocr-capabilities' content='ocr_page ocr_carea ocr_par ocr_line ocrx_word'/>
</head>
<body>
  <div class='ocr_page' id='page_1' title='image "./kalendariumperp00carpgoog_0476.png"; bbox 0 0 3484 4875; ppageno 0'>
   <div class='ocr_carea' id='block_1_1' title="bbox 619 470 1325 538">
    <p class='ocr_par' dir='ltr' id='par_1_1' title="bbox 619 470 1325 538">
     <span class='ocr_line' id='line_1_1' title="bbox 619 470 1325 538; baseline 0 -2"><span class='ocrx_word' id='word_1_1' title='bbox 619 490 708 537; x_wconf 86' lang='lat' dir='ltr'>rnorx</span> <span class='ocrx_word' id='word_1_2' title='bbox 724 489 823 536; x_wconf 83' lang='grc' dir='ltr'><strong>ιιιιιιιιι</strong></span> <span class='ocrx_word' id='word_1_3' title='bbox 837 490 1015 538; x_wconf 82' lang='lat' dir='ltr'>nomentan</span> <span class='ocrx_word' id='word_1_4' title='bbox 1120 495 1121 500; x_wconf 45' lang='lat'>¹</span> <span class='ocrx_word' id='word_1_5' title='bbox 1262 470 1325 536; x_wconf 76' lang='grc'>465</span> 
     </span>
    </p>
   </div>
   <div class='ocr_carea' id='block_1_2' title="bbox 281 594 1351 3947">
    <p class='ocr_par' dir='ltr' id='par_1_2' title="bbox 324 594 1347 859">
     <span class='ocr_line' id='line_1_2' title="bbox 328 594 1347 670; baseline 0 -9"><span class='ocrx_word' id='word_1_6' title='bbox 328 595 374 661; x_wconf 91' lang='lat' dir='ltr'>sit</span> <span class='ocrx_word' id='word_1_7' title='bbox 399 595 508 670; x_wconf 91' lang='lat' dir='ltr'>licita,</span> <span class='ocrx_word' id='word_1_8' title='bbox 536 594 611 660; x_wconf 85' lang='lat' dir='ltr'>ibid.</span> <span class='ocrx_word' id='word_1_9' title='bbox 636 598 682 661; x_wconf 85' lang='lat' dir='ltr'>An</span> <span class='ocrx_word' id='word_1_10' title='bbox 707 597 738 661; x_wconf 84' lang='lat' dir='ltr'>ln</span> <span class='ocrx_word' id='word_1_11' title='bbox 761 596 823 661; x_wconf 88' lang='lat' dir='ltr'>fine</span> <span class='ocrx_word' id='word_1_12' title='bbox 845 596 1006 663; x_wconf 77' lang='lat' dir='ltr'>historicae</span> <span class='ocrx_word' id='word_1_13' title='bbox 1028 595 1220 663; x_wconf 78' lang='lat' dir='ltr'>narrationis</span> <span class='ocrx_word' id='word_1_14' title='bbox 1241 594 1347 661; x_wconf 86' lang='lat' dir='ltr'>Domi·</span> 
     </span>
     <span class='ocr_line' id='line_1_3' title="bbox 324 683 1347 770; baseline 0 -21"><span class='ocrx_word' id='word_1_15' title='bbox 324 686 412 750; x_wconf 73' lang='lat' dir='ltr'>nicae</span> <span class='ocrx_word' id='word_1_16' title='bbox 435 684 597 749; x_wconf 85' lang='lat' dir='ltr'>Passionis</span> <span class='ocrx_word' id='word_1_17' title='bbox 625 686 829 770; x_wconf 76' lang='lat' dir='ltr'>permittatur</span> <span class='ocrx_word' id='word_1_18' title='bbox 852 687 987 753; x_wconf 90' lang='lat' dir='ltr'>detectio</span> <span class='ocrx_word' id='word_1_19' title='bbox 1010 686 1155 770; x_wconf 82' lang='lat' dir='ltr'>imaginis</span> <span class='ocrx_word' id='word_1_20' title='bbox 1180 683 1347 759; x_wconf 84' lang='lat' dir='ltr'>Cruoidxi,</span> 
     </span>
     <span class='ocr_line' id='line_1_4' title="bbox 328 772 1320 859; baseline -0.001 -21"><span class='ocrx_word' id='word_1_21' title='bbox 328 773 409 838; x_wconf 91' lang='lat' dir='ltr'>ibid.</span> <span class='ocrx_word' id='word_1_22' title='bbox 434 772 482 838; x_wconf 85' lang='lat' dir='ltr'>dn</span> <span class='ocrx_word' id='word_1_23' title='bbox 506 773 680 838; x_wconf 91' lang='lat' dir='ltr'>ministrari</span> <span class='ocrx_word' id='word_1_24' title='bbox 705 782 800 859; x_wconf 80' lang='lat' dir='ltr'>queat</span> <span class='ocrx_word' id='word_1_25' title='bbox 823 773 879 840; x_wconf 87' lang='lat' dir='ltr'>SS.</span> <span class='ocrx_word' id='word_1_26' title='bbox 897 775 1093 851; x_wconf 83' lang='lat' dir='ltr'>Communio,</span> <span class='ocrx_word' id='word_1_27' title='bbox 1116 773 1190 838; x_wconf 87' lang='lat' dir='ltr'>ibid.</span> <span class='ocrx_word' id='word_1_28' title='bbox 1217 794 1245 838; x_wconf 94' lang='lat' dir='ltr'>u.</span> <span class='ocrx_word' id='word_1_29' title='bbox 1269 773 1320 837; x_wconf 87' lang='grc'>15.</span> 
     </span>
    </p>

    <p class='ocr_par' dir='ltr' id='par_1_3' title="bbox 281 860 1349 1389">
     <span class='ocr_line' id='line_1_5' title="bbox 281 860 1348 948; baseline -0.002 -21"><span class='ocrx_word' id='word_1_30' title='bbox 281 861 379 928; x_wconf 92' lang='lat' dir='ltr'>Feria</span> <span class='ocrx_word' id='word_1_31' title='bbox 404 870 494 927; x_wconf 88' lang='lat' dir='ltr'>sexta</span> <span class='ocrx_word' id='word_1_32' title='bbox 517 870 590 947; x_wconf 90' lang='lat' dir='ltr'>post</span> <span class='ocrx_word' id='word_1_33' title='bbox 613 860 763 927; x_wconf 79' lang='lat' dir='ltr'><strong>Octavam</strong></span> <span class='ocrx_word' id='word_1_34' title='bbox 788 863 1000 931; x_wconf 80' lang='lat' dir='ltr'>Ascensionis.</span> <span class='ocrx_word' id='word_1_35' title='bbox 1025 862 1100 948; x_wconf 84' lang='lat' dir='ltr'>Ejus</span> <span class='ocrx_word' id='word_1_36' title='bbox 1123 861 1267 928; x_wconf 82' lang='lat' dir='ltr'>Officium</span> <span class='ocrx_word' id='word_1_37' title='bbox 1298 869 1348 926; x_wconf 93' lang='lat' dir='ltr'>est</span> 
     </span>
     <span class='ocr_line' id='line_1_6' title="bbox 330 949 1346 1036; baseline -0.001 -21"><span class='ocrx_word' id='word_1_38' title='bbox 330 949 554 1036; x_wconf 90' lang='lat' dir='ltr'>semiduplex,</span> <span class='ocrx_word' id='word_1_39' title='bbox 582 959 688 1017; x_wconf 87' lang='lat' dir='ltr'>annot.</span> <span class='ocrx_word' id='word_1_40' title='bbox 714 951 752 1017; x_wconf 93' lang='lat' dir='ltr'>de</span> <span class='ocrx_word' id='word_1_41' title='bbox 780 952 910 1017; x_wconf 84' lang='lat' dir='ltr'>Ascens.</span> <span class='ocrx_word' id='word_1_42' title='bbox 936 975 965 1020; x_wconf 92' lang='lat' dir='ltr'>n.</span> <span class='ocrx_word' id='word_1_43' title='bbox 991 954 1019 1018; x_wconf 89' lang='grc'>7.</span> <span class='ocrx_word' id='word_1_44' title='bbox 1044 951 1147 1032; x_wconf 81' lang='lat' dir='ltr'>Quid,</span> <span class='ocrx_word' id='word_1_45' title='bbox 1171 952 1198 1016; x_wconf 96' lang='lat' dir='ltr'>si</span> <span class='ocrx_word' id='word_1_46' title='bbox 1220 951 1253 1015; x_wconf 94' lang='lat' dir='ltr'>in</span> <span class='ocrx_word' id='word_1_47' title='bbox 1276 969 1346 1015; x_wconf 88' lang='lat' dir='ltr'>earn</span> 
     </span>
     <span class='ocr_line' id='line_1_7' title="bbox 327 1036 1348 1127; baseline -0.001 -23"><span class='ocrx_word' id='word_1_48' title='bbox 327 1038 452 1104; x_wconf 89' lang='lat' dir='ltr'>incidat</span> <span class='ocrx_word' id='word_1_49' title='bbox 474 1036 590 1104; x_wconf 84' lang='lat' dir='ltr'>festum</span> <span class='ocrx_word' id='word_1_50' title='bbox 621 1040 776 1125; x_wconf 83' lang='lat' dir='ltr'>simplex,</span> <span class='ocrx_word' id='word_1_51' title='bbox 811 1040 927 1127; x_wconf 84' lang='lat' dir='ltr'>duplex</span> <span class='ocrx_word' id='word_1_52' title='bbox 957 1050 1011 1108; x_wconf 90' lang='lat' dir='ltr'>aut</span> <span class='ocrx_word' id='word_1_53' title='bbox 1033 1040 1230 1127; x_wconf 92' lang='lat' dir='ltr'>semiduplex</span> <span class='ocrx_word' id='word_1_54' title='bbox 1253 1040 1348 1104; x_wconf 89' lang='lat' dir='ltr'>etiam</span> 
     </span>
     <span class='ocr_line' id='line_1_8' title="bbox 329 1123 1349 1217; baseline 0 -25"><span class='ocrx_word' id='word_1_55' title='bbox 329 1128 546 1203; x_wconf 85' lang='lat' dir='ltr'>translatum,</span> <span class='ocrx_word' id='word_1_56' title='bbox 578 1136 610 1193; x_wconf 91' lang='lat' dir='ltr'>et</span> <span class='ocrx_word' id='word_1_57' title='bbox 633 1128 708 1213; x_wconf 87' lang='lat' dir='ltr'>quid</span> <span class='ocrx_word' id='word_1_58' title='bbox 731 1130 758 1194; x_wconf 91' lang='lat' dir='ltr'>si</span> <span class='ocrx_word' id='word_1_59' title='bbox 781 1130 822 1195; x_wconf 91' lang='lat' dir='ltr'>sit</span> <span class='ocrx_word' id='word_1_60' title='bbox 846 1129 961 1216; x_wconf 88' lang='lat' dir='ltr'>duplex</span> <span class='ocrx_word' id='word_1_61' title='bbox 989 1131 1097 1217; x_wconf 82' lang='lat' dir='ltr'>primur</span> <span class='ocrx_word' id='word_1_62' title='bbox 1123 1137 1177 1195; x_wconf 90' lang='lat' dir='ltr'>aut</span> <span class='ocrx_word' id='word_1_63' title='bbox 1201 1123 1349 1193; x_wconf 75' lang='lat' dir='ltr'>secundae</span> 
     </span>
     <span class='ocr_line' id='line_1_9' title="bbox 329 1214 1347 1291; baseline 0 -10"><span class='ocrx_word' id='word_1_64' title='bbox 329 1216 466 1291; x_wconf 87' lang='lat' dir='ltr'>elassis,</span> <span class='ocrx_word' id='word_1_65' title='bbox 497 1214 573 1280; x_wconf 91' lang='lat' dir='ltr'>ibid.</span> <span class='ocrx_word' id='word_1_66' title='bbox 597 1215 630 1281; x_wconf 90' lang='lat' dir='ltr'>Si</span> <span class='ocrx_word' id='word_1_67' title='bbox 655 1227 802 1283; x_wconf 89' lang='lat' dir='ltr'>occurrat</span> <span class='ocrx_word' id='word_1_68' title='bbox 826 1217 893 1283; x_wconf 91' lang='lat' dir='ltr'>dics</span> <span class='ocrx_word' id='word_1_69' title='bbox 916 1218 998 1285; x_wconf 87' lang='lat' dir='ltr'>inira</span> <span class='ocrx_word' id='word_1_70' title='bbox 1021 1217 1171 1284; x_wconf 87' lang='lat' dir='ltr'>Octavam</span> <span class='ocrx_word' id='word_1_71' title='bbox 1195 1216 1347 1282; x_wconf 83' lang='lat' dir='ltr'>Titularis</span> 
     </span>
     <span class='ocr_line' id='line_1_10' title="bbox 329 1303 1194 1389; baseline 0.002 -20"><span class='ocrx_word' id='word_1_72' title='bbox 329 1313 405 1382; x_wconf 83' lang='lat' dir='ltr'>ete,</span> <span class='ocrx_word' id='word_1_73' title='bbox 431 1303 590 1389; x_wconf 93' lang='lat' dir='ltr'>quodnam</span> <span class='ocrx_word' id='word_1_74' title='bbox 615 1303 759 1371; x_wconf 78' lang='lat' dir='ltr'>Officium</span> <span class='ocrx_word' id='word_1_75' title='bbox 782 1307 991 1383; x_wconf 89' lang='lat' dir='ltr'>recitandum,</span> <span class='ocrx_word' id='word_1_76' title='bbox 1015 1307 1091 1372; x_wconf 92' lang='lat' dir='ltr'>ibid.</span> <span class='ocrx_word' id='word_1_77' title='bbox 1115 1328 1145 1372; x_wconf 91' lang='lat' dir='ltr'>n.</span> <span class='ocrx_word' id='word_1_78' title='bbox 1164 1308 1194 1371; x_wconf 88' lang='lat' dir='ltr'>u.</span> 
     </span>
    </p>

    <p class='ocr_par' dir='ltr' id='par_1_4' title="bbox 285 1392 1346 1478">
     <span class='ocr_line' id='line_1_11' title="bbox 285 1392 1346 1478; baseline 0 -21"><span class='ocrx_word' id='word_1_79' title='bbox 285 1392 381 1459; x_wconf 91' lang='lat' dir='ltr'>Festa</span> <span class='ocrx_word' id='word_1_80' title='bbox 407 1393 536 1459; x_wconf 91' lang='lat' dir='ltr'>mobilia</span> <span class='ocrx_word' id='word_1_81' title='bbox 560 1413 621 1477; x_wconf 88' lang='lat' dir='ltr'>qua</span> <span class='ocrx_word' id='word_1_82' title='bbox 642 1396 765 1460; x_wconf 91' lang='lat' dir='ltr'>ratione</span> <span class='ocrx_word' id='word_1_83' title='bbox 788 1396 1001 1472; x_wconf 91' lang='lat' dir='ltr'>inveniuntur,</span> <span class='ocrx_word' id='word_1_84' title='bbox 1019 1417 1045 1460; x_wconf 92' lang='lat' dir='ltr'>c.</span> <span class='ocrx_word' id='word_1_85' title='bbox 1064 1397 1078 1459; x_wconf 96' lang='lat' dir='ltr'>l</span> <span class='ocrx_word' id='word_1_86' title='bbox 1101 1416 1130 1459; x_wconf 92' lang='lat' dir='ltr'>n.</span> <span class='ocrx_word' id='word_1_87' title='bbox 1150 1395 1189 1461; x_wconf 86' lang='grc'>16</span> <span class='ocrx_word' id='word_1_88' title='bbox 1211 1402 1242 1458; x_wconf 89' lang='lat' dir='ltr'>et</span> <span class='ocrx_word' id='word_1_89' title='bbox 1259 1413 1346 1478; x_wconf 83' lang='lat' dir='ltr'>seqq.</span> 
     </span>
    </p>

    <p class='ocr_par' dir='ltr' id='par_1_5' title="bbox 284 1480 1346 1657">
     <span class='ocr_line' id='line_1_12' title="bbox 284 1480 1346 1570; baseline 0 -23"><span class='ocrx_word' id='word_1_90' title='bbox 284 1482 381 1547; x_wconf 90' lang='lat' dir='ltr'>Festa</span> <span class='ocrx_word' id='word_1_91' title='bbox 405 1483 509 1547; x_wconf 88' lang='lat' dir='ltr'>votiva</span> <span class='ocrx_word' id='word_1_92' title='bbox 533 1480 723 1548; x_wconf 84' lang='lat' dir='ltr'>Sanctorum</span> <span class='ocrx_word' id='word_1_93' title='bbox 748 1484 862 1568; x_wconf 91' lang='lat' dir='ltr'>quibus</span> <span class='ocrx_word' id='word_1_94' title='bbox 887 1484 997 1550; x_wconf 89' lang='lat' dir='ltr'>diebus</span> <span class='ocrx_word' id='word_1_95' title='bbox 1021 1484 1250 1570; x_wconf 87' lang='lat' dir='ltr'>prohibentur,</span> <span class='ocrx_word' id='word_1_96' title='bbox 1275 1503 1302 1547; x_wconf 92' lang='lat' dir='ltr'>c.</span> <span class='ocrx_word' id='word_1_97' title='bbox 1327 1482 1346 1547; x_wconf 83' lang='grc'><strong>6</strong></span> 
     </span>
     <span class='ocr_line' id='line_1_13' title="bbox 327 1572 1063 1657; baseline 0.004 -22"><span class='ocrx_word' id='word_1_98' title='bbox 327 1592 360 1635; x_wconf 92' lang='grc' dir='ltr'>ιι.</span> <span class='ocrx_word' id='word_1_99' title='bbox 387 1572 405 1635; x_wconf 89' lang='lat'>5</span> <span class='ocrx_word' id='word_1_100' title='bbox 431 1579 462 1635; x_wconf 93' lang='lat' dir='ltr'>et</span> <span class='ocrx_word' id='word_1_101' title='bbox 487 1579 593 1636; x_wconf 89' lang='lat' dir='ltr'>annot.</span> <span class='ocrx_word' id='word_1_102' title='bbox 618 1573 650 1636; x_wconf 93' lang='lat' dir='ltr'>in</span> <span class='ocrx_word' id='word_1_103' title='bbox 676 1572 774 1637; x_wconf 90' lang='lat' dir='ltr'>Hebd.</span> <span class='ocrx_word' id='word_1_104' title='bbox 800 1573 953 1657; x_wconf 89' lang='lat' dir='ltr'>majorem</span> <span class='ocrx_word' id='word_1_105' title='bbox 978 1593 1007 1637; x_wconf 92' lang='lat' dir='ltr'>n.</span> <span class='ocrx_word' id='word_1_106' title='bbox 1035 1574 1063 1638; x_wconf 96' lang='grc'>1.</span> 
     </span>
    </p>

    <p class='ocr_par' dir='ltr' id='par_1_6' title="bbox 283 1657 1348 1823">
     <span class='ocr_line' id='line_1_14' title="bbox 283 1657 1348 1746; baseline 0.001 -22"><span class='ocrx_word' id='word_1_107' title='bbox 283 1657 389 1724; x_wconf 90' lang='lat' dir='ltr'>Festis</span> <span class='ocrx_word' id='word_1_108' title='bbox 413 1660 610 1725; x_wconf 81' lang='lat' dir='ltr'>secundariis</span> <span class='ocrx_word' id='word_1_109' title='bbox 633 1661 844 1727; x_wconf 91' lang='lat' dir='ltr'>Patronorum</span> <span class='ocrx_word' id='word_1_110' title='bbox 861 1670 893 1727; x_wconf 93' lang='lat' dir='ltr'>et</span> <span class='ocrx_word' id='word_1_111' title='bbox 908 1661 1098 1727; x_wconf 85' lang='lat' dir='ltr'>Titularium</span> <span class='ocrx_word' id='word_1_112' title='bbox 1121 1660 1250 1746; x_wconf 88' lang='lat' dir='ltr'>quinam</span> <span class='ocrx_word' id='word_1_113' title='bbox 1266 1659 1348 1725; x_wconf 88' lang='lat' dir='ltr'>ritus</span> 
     </span>
     <span class='ocr_line' id='line_1_15' title="bbox 328 1747 884 1823; baseline 0.004 -10"><span class='ocrx_word' id='word_1_114' title='bbox 328 1749 488 1823; x_wconf 90' lang='lat' dir='ltr'>convenit,</span> <span class='ocrx_word' id='word_1_115' title='bbox 513 1747 618 1813; x_wconf 90' lang='lat' dir='ltr'>adnot.</span> <span class='ocrx_word' id='word_1_116' title='bbox 644 1749 684 1814; x_wconf 79' lang='lat'>50</span> <span class='ocrx_word' id='word_1_117' title='bbox 709 1749 782 1816; x_wconf 85' lang='lat' dir='ltr'>lun.</span> <span class='ocrx_word' id='word_1_118' title='bbox 806 1771 837 1815; x_wconf 94' lang='lat' dir='ltr'>n.</span> <span class='ocrx_word' id='word_1_119' title='bbox 861 1750 884 1815; x_wconf 93' lang='grc' dir='ltr'>Ι.</span> 
     </span>
    </p>

    <p class='ocr_par' dir='ltr' id='par_1_7' title="bbox 282 1834 1349 2279">
     <span class='ocr_line' id='line_1_16' title="bbox 282 1834 1349 1921; baseline 0 -20"><span class='ocrx_word' id='word_1_120' title='bbox 282 1834 418 1902; x_wconf 89' lang='lat' dir='ltr'>Festum</span> <span class='ocrx_word' id='word_1_121' title='bbox 449 1838 636 1921; x_wconf 91' lang='lat' dir='ltr'>primarium</span> <span class='ocrx_word' id='word_1_122' title='bbox 664 1847 696 1903; x_wconf 92' lang='lat' dir='ltr'>et</span> <span class='ocrx_word' id='word_1_123' title='bbox 719 1840 941 1905; x_wconf 90' lang='lat' dir='ltr'>secundarium</span> <span class='ocrx_word' id='word_1_124' title='bbox 965 1840 996 1904; x_wconf 96' lang='lat' dir='ltr'>in</span> <span class='ocrx_word' id='word_1_125' title='bbox 1021 1838 1242 1914; x_wconf 89' lang='lat' dir='ltr'>occurrentia,</span> <span class='ocrx_word' id='word_1_126' title='bbox 1276 1857 1302 1902; x_wconf 94' lang='lat' dir='ltr'>c.</span> <span class='ocrx_word' id='word_1_127' title='bbox 1327 1836 1349 1901; x_wconf 87' lang='grc'><strong>4</strong></span> 
     </span>
     <span class='ocr_line' id='line_1_17' title="bbox 326 1924 1349 2005; baseline -0.001 -14"><span class='ocrx_word' id='word_1_128' title='bbox 326 1946 359 1991; x_wconf 91' lang='grc' dir='ltr'>ιι.</span> <span class='ocrx_word' id='word_1_129' title='bbox 385 1925 405 1990; x_wconf 73' lang='lat'><strong>2</strong></span> <span class='ocrx_word' id='word_1_130' title='bbox 428 1924 491 2000; x_wconf 89' lang='lat'>11·;</span> <span class='ocrx_word' id='word_1_131' title='bbox 515 1926 547 1991; x_wconf 95' lang='lat' dir='ltr'>in</span> <span class='ocrx_word' id='word_1_132' title='bbox 570 1930 814 2004; x_wconf 73' lang='lat' dir='ltr'>concurrentia,</span> <span class='ocrx_word' id='word_1_133' title='bbox 839 1949 866 1994; x_wconf 90' lang='lat' dir='ltr'>c.</span> <span class='ocrx_word' id='word_1_134' title='bbox 892 1930 909 1993; x_wconf 83' lang='lat'>5</span> <span class='ocrx_word' id='word_1_135' title='bbox 934 1951 965 1995; x_wconf 90' lang='lat' dir='ltr'>n.</span> <span class='ocrx_word' id='word_1_136' title='bbox 989 1928 1009 1993; x_wconf 73' lang='lat'><strong>2</strong></span> <span class='ocrx_word' id='word_1_137' title='bbox 1033 1928 1085 1993; x_wconf 84' lang='lat' dir='ltr'>ll.⁰</span> <span class='ocrx_word' id='word_1_138' title='bbox 1109 1926 1260 2005; x_wconf 84' lang='lat' dir='ltr'>Quaenam</span> <span class='ocrx_word' id='word_1_139' title='bbox 1284 1928 1349 1991; x_wconf 86' lang='lat' dir='ltr'>sint</span> 
     </span>
     <span class='ocr_line' id='line_1_18' title="bbox 326 2013 1348 2101; baseline -0.001 -23"><span class='ocrx_word' id='word_1_140' title='bbox 326 2013 425 2079; x_wconf 90' lang='lat' dir='ltr'>Festa</span> <span class='ocrx_word' id='word_1_141' title='bbox 448 2014 647 2092; x_wconf 90' lang='lat' dir='ltr'>secundaria,</span> <span class='ocrx_word' id='word_1_142' title='bbox 672 2037 698 2080; x_wconf 92' lang='lat' dir='ltr'>o.</span> <span class='ocrx_word' id='word_1_143' title='bbox 722 2016 743 2081; x_wconf 96' lang='grc'><strong>4</strong></span> <span class='ocrx_word' id='word_1_144' title='bbox 767 2017 835 2081; x_wconf 68' lang='lat' dir='ltr'>nd</span> <span class='ocrx_word' id='word_1_145' title='bbox 859 2017 910 2081; x_wconf 87' lang='lat' dir='ltr'>ll.&#39;</span> <span class='ocrx_word' id='word_1_146' title='bbox 928 2019 975 2081; x_wconf 84' lang='grc' dir='ltr'>Αιι</span> <span class='ocrx_word' id='word_1_147' title='bbox 999 2016 1093 2081; x_wconf 88' lang='lat' dir='ltr'>Festa</span> <span class='ocrx_word' id='word_1_148' title='bbox 1117 2016 1268 2101; x_wconf 92' lang='lat' dir='ltr'>primaria</span> <span class='ocrx_word' id='word_1_149' title='bbox 1285 2017 1348 2079; x_wconf 90' lang='lat' dir='ltr'>sint</span> 
     </span>
     <span class='ocr_line' id='line_1_19' title="bbox 325 2102 1348 2189; baseline 0 -22"><span class='ocrx_word' id='word_1_150' title='bbox 325 2122 457 2187; x_wconf 91' lang='lat' dir='ltr'>semper</span> <span class='ocrx_word' id='word_1_151' title='bbox 479 2102 619 2189; x_wconf 90' lang='lat' dir='ltr'>duplicia</span> <span class='ocrx_word' id='word_1_152' title='bbox 642 2106 815 2189; x_wconf 91' lang='lat' dir='ltr'>primaria,</span> <span class='ocrx_word' id='word_1_153' title='bbox 839 2113 870 2169; x_wconf 86' lang='lat' dir='ltr'>et</span> <span class='ocrx_word' id='word_1_154' title='bbox 893 2104 986 2169; x_wconf 89' lang='lat' dir='ltr'>Festa</span> <span class='ocrx_word' id='word_1_155' title='bbox 1010 2104 1199 2170; x_wconf 90' lang='lat' dir='ltr'>secundaria</span> <span class='ocrx_word' id='word_1_156' title='bbox 1222 2122 1348 2189; x_wconf 90' lang='lat' dir='ltr'>semper</span> 
     </span>
     <span class='ocr_line' id='line_1_20' title="bbox 326 2191 1178 2279; baseline 0 -23"><span class='ocrx_word' id='word_1_157' title='bbox 326 2191 468 2278; x_wconf 90' lang='lat' dir='ltr'>duplicia</span> <span class='ocrx_word' id='word_1_158' title='bbox 491 2192 689 2269; x_wconf 89' lang='lat' dir='ltr'>secundaria,</span> <span class='ocrx_word' id='word_1_159' title='bbox 714 2214 785 2279; x_wconf 77' lang='lat' dir='ltr'>pag.</span> <span class='ocrx_word' id='word_1_160' title='bbox 810 2192 851 2258; x_wconf 84' lang='grc'>46</span> <span class='ocrx_word' id='word_1_161' title='bbox 876 2194 907 2257; x_wconf 93' lang='lat' dir='ltr'>in</span> <span class='ocrx_word' id='word_1_162' title='bbox 932 2191 1071 2258; x_wconf 90' lang='lat' dir='ltr'>secunda</span> <span class='ocrx_word' id='word_1_163' title='bbox 1094 2199 1178 2256; x_wconf 91' lang='lat' dir='ltr'>nota.</span> 
     </span>
    </p>

    <p class='ocr_par' dir='ltr' id='par_1_8' title="bbox 281 2279 1227 2367">
     <span class='ocr_line' id='line_1_21' title="bbox 281 2279 1227 2367; baseline -0.002 -21"><span class='ocrx_word' id='word_1_164' title='bbox 281 2280 415 2351; x_wconf 83' lang='lat' dir='ltr'>Festum</span> <span class='ocrx_word' id='word_1_165' title='bbox 439 2283 604 2366; x_wconf 88' lang='lat' dir='ltr'>proprium</span> <span class='ocrx_word' id='word_1_166' title='bbox 628 2281 789 2367; x_wconf 87' lang='lat' dir='ltr'>quodnam</span> <span class='ocrx_word' id='word_1_167' title='bbox 812 2290 961 2348; x_wconf 85' lang='lat' dir='ltr'>censetur·</span> <span class='ocrx_word' id='word_1_168' title='bbox 984 2302 1011 2346; x_wconf 90' lang='lat' dir='ltr'>o.</span> <span class='ocrx_word' id='word_1_169' title='bbox 1035 2282 1057 2346; x_wconf 93' lang='grc'><strong>4</strong></span> <span class='ocrx_word' id='word_1_170' title='bbox 1079 2302 1110 2345; x_wconf 94' lang='grc' dir='ltr'>ιι.</span> <span class='ocrx_word' id='word_1_171' title='bbox 1135 2279 1155 2344; x_wconf 70' lang='lat' dir='ltr'>d</span> <span class='ocrx_word' id='word_1_172' title='bbox 1180 2279 1227 2344; x_wconf 59' lang='lat' dir='ltr'>V?</span> 
     </span>
    </p>

    <p class='ocr_par' dir='ltr' id='par_1_9' title="bbox 281 2366 1351 2879">
     <span class='ocr_line' id='line_1_22' title="bbox 281 2366 1348 2457; baseline -0.004 -22"><span class='ocrx_word' id='word_1_173' title='bbox 281 2368 416 2435; x_wconf 85' lang='lat' dir='ltr'>Festum</span> <span class='ocrx_word' id='word_1_174' title='bbox 438 2370 582 2457; x_wconf 90' lang='lat' dir='ltr'>simplex.</span> <span class='ocrx_word' id='word_1_175' title='bbox 609 2368 740 2449; x_wconf 85' lang='lat' dir='ltr'>Quando</span> <span class='ocrx_word' id='word_1_176' title='bbox 765 2371 803 2436; x_wconf 93' lang='lat' dir='ltr'>de</span> <span class='ocrx_word' id='word_1_177' title='bbox 826 2391 862 2436; x_wconf 86' lang='lat' dir='ltr'>eo</span> <span class='ocrx_word' id='word_1_178' title='bbox 887 2370 942 2435; x_wconf 84' lang='lat' dir='ltr'>liat</span> <span class='ocrx_word' id='word_1_179' title='bbox 957 2369 1110 2445; x_wconf 82' lang='lat' dir='ltr'>Officium,</span> <span class='ocrx_word' id='word_1_180' title='bbox 1135 2377 1166 2433; x_wconf 90' lang='lat' dir='ltr'>et</span> <span class='ocrx_word' id='word_1_181' title='bbox 1189 2366 1348 2454; x_wconf 88' lang='lat' dir='ltr'>quomodo</span> 
     </span>
     <span class='ocr_line' id='line_1_23' title="bbox 327 2458 1351 2547; baseline -0.002 -23"><span class='ocrx_word' id='word_1_182' title='bbox 327 2458 507 2535; x_wconf 88' lang='lat' dir='ltr'>ordinetur,</span> <span class='ocrx_word' id='word_1_183' title='bbox 525 2459 631 2525; x_wconf 91' lang='lat' dir='ltr'>adnot.</span> <span class='ocrx_word' id='word_1_184' title='bbox 650 2461 692 2525; x_wconf 91' lang='grc'>14</span> <span class='ocrx_word' id='word_1_185' title='bbox 708 2464 783 2547; x_wconf 84' lang='lat' dir='ltr'>Apr.</span> <span class='ocrx_word' id='word_1_186' title='bbox 802 2483 832 2526; x_wconf 91' lang='grc' dir='ltr'>ιι.</span> <span class='ocrx_word' id='word_1_187' title='bbox 849 2460 879 2524; x_wconf 95' lang='lat' dir='ltr'>ll</span> <span class='ocrx_word' id='word_1_188' title='bbox 902 2469 934 2526; x_wconf 90' lang='lat' dir='ltr'>et</span> <span class='ocrx_word' id='word_1_189' title='bbox 949 2460 1001 2526; x_wconf 94' lang='lat' dir='ltr'>lll.</span> <span class='ocrx_word' id='word_1_190' title='bbox 1018 2458 1225 2539; x_wconf 76' lang='lat' dir='ltr'>Quandonam</span> <span class='ocrx_word' id='word_1_191' title='bbox 1249 2467 1280 2523; x_wconf 89' lang='lat' dir='ltr'>et</span> <span class='ocrx_word' id='word_1_192' title='bbox 1297 2458 1351 2523; x_wconf 89' lang='lat' dir='ltr'>ubi</span> 
     </span>
     <span class='ocr_line' id='line_1_24' title="bbox 325 2546 1350 2632; baseline 0.002 -21"><span class='ocrx_word' id='word_1_193' title='bbox 325 2547 364 2612; x_wconf 86' lang='lat' dir='ltr'>tit</span> <span class='ocrx_word' id='word_1_194' title='bbox 387 2547 456 2632; x_wconf 84' lang='lat' dir='ltr'>ejus</span> <span class='ocrx_word' id='word_1_195' title='bbox 480 2552 752 2626; x_wconf 89' lang='lat' dir='ltr'>commemoratio,</span> <span class='ocrx_word' id='word_1_196' title='bbox 770 2549 836 2615; x_wconf 73' lang='lat' dir='ltr'>ol}</span> <span class='ocrx_word' id='word_1_197' title='bbox 859 2571 890 2615; x_wconf 87' lang='lat' dir='ltr'>n.</span> <span class='ocrx_word' id='word_1_198' title='bbox 910 2549 949 2614; x_wconf 76' lang='grc'>15</span> <span class='ocrx_word' id='word_1_199' title='bbox 974 2556 1006 2614; x_wconf 92' lang='lat' dir='ltr'>et</span> <span class='ocrx_word' id='word_1_200' title='bbox 1029 2548 1093 2614; x_wconf 81' lang='lat' dir='ltr'>cii</span> <span class='ocrx_word' id='word_1_201' title='bbox 1117 2568 1147 2613; x_wconf 93' lang='lat' dir='ltr'>n.</span> <span class='ocrx_word' id='word_1_202' title='bbox 1164 2548 1195 2623; x_wconf 91' lang='grc'>6,</span> <span class='ocrx_word' id='word_1_203' title='bbox 1213 2548 1230 2611; x_wconf 90' lang='grc'><strong>7</strong></span> <span class='ocrx_word' id='word_1_204' title='bbox 1249 2555 1281 2611; x_wconf 89' lang='lat' dir='ltr'>et</span> <span class='ocrx_word' id='word_1_205' title='bbox 1298 2546 1350 2613; x_wconf 85' lang='grc'>14.</span> 
     </span>
     <span class='ocr_line' id='line_1_25' title="bbox 327 2634 1350 2726; baseline -0.001 -26"><span class='ocrx_word' id='word_1_206' title='bbox 327 2635 365 2700; x_wconf 95' lang='lat' dir='ltr'>ln</span> <span class='ocrx_word' id='word_1_207' title='bbox 383 2655 516 2702; x_wconf 91' lang='lat' dir='ltr'>occursu</span> <span class='ocrx_word' id='word_1_208' title='bbox 541 2637 626 2702; x_wconf 91' lang='lat' dir='ltr'>Festi</span> <span class='ocrx_word' id='word_1_209' title='bbox 650 2639 815 2726; x_wconf 89' lang='lat' dir='ltr'>simplicis,</span> <span class='ocrx_word' id='word_1_210' title='bbox 832 2658 873 2703; x_wconf 93' lang='lat' dir='ltr'>au</span> <span class='ocrx_word' id='word_1_211' title='bbox 889 2638 1045 2703; x_wconf 86' lang='lat' dir='ltr'>habeatur</span> <span class='ocrx_word' id='word_1_212' title='bbox 1069 2638 1148 2702; x_wconf 92' lang='lat' dir='ltr'>ratio</span> <span class='ocrx_word' id='word_1_213' title='bbox 1173 2637 1275 2702; x_wconf 87' lang='lat' dir='ltr'>blissae</span> <span class='ocrx_word' id='word_1_214' title='bbox 1292 2634 1350 2699; x_wconf 85' lang='lat' dir='ltr'>llo-</span> 
     </span>
     <span class='ocr_line' id='line_1_26' title="bbox 326 2725 1346 2879; baseline 0 -91"><span class='ocrx_word' id='word_1_215' title='bbox 326 2725 455 2879; x_wconf 59' lang='lat' dir='ltr'>ppinippe</span> <span class='ocrx_word' id='word_1_216' title='bbox 480 2726 711 2811; x_wconf 83' lang='lat' dir='ltr'>praecedentis,</span> <span class='ocrx_word' id='word_1_217' title='bbox 734 2727 761 2792; x_wconf 93' lang='lat' dir='ltr'>si</span> <span class='ocrx_word' id='word_1_218' title='bbox 785 2726 920 2792; x_wconf 88' lang='lat' dir='ltr'>necdum</span> <span class='ocrx_word' id='word_1_219' title='bbox 944 2728 1077 2792; x_wconf 87' lang='lat' dir='ltr'>recitata</span> <span class='ocrx_word' id='word_1_220' title='bbox 1100 2726 1152 2802; x_wconf 92' lang='lat' dir='ltr'>sit,</span> <span class='ocrx_word' id='word_1_221' title='bbox 1176 2725 1281 2790; x_wconf 90' lang='lat' dir='ltr'>adnot.</span> <span class='ocrx_word' id='word_1_222' title='bbox 1308 2725 1346 2789; x_wconf 80' lang='grc'>51</span> 
     </span>
    </p>

    <p class='ocr_par' dir='ltr' id='par_1_10' title="bbox 359 2814 578 2880">
     <span class='ocr_line' id='line_1_27' title="bbox 359 2814 578 2880; baseline 0.005 -2"><span class='ocrx_word' id='word_1_223' title='bbox 359 2821 411 2878; x_wconf 92' lang='lat' dir='ltr'>cto</span> <span class='ocrx_word' id='word_1_224' title='bbox 437 2864 444 2879; x_wconf 91' lang='lat'>.</span> <span class='ocrx_word' id='word_1_225' title='bbox 470 2835 499 2879; x_wconf 91' lang='lat' dir='ltr'>u.</span> <span class='ocrx_word' id='word_1_226' title='bbox 525 2814 578 2880; x_wconf 91' lang='lat' dir='ltr'>lll.</span> 
     </span>
    </p>

    <p class='ocr_par' dir='ltr' id='par_1_11' title="bbox 281 2901 1351 3259">
     <span class='ocr_line' id='line_1_28' title="bbox 281 2901 1346 2989; baseline 0 -23"><span class='ocrx_word' id='word_1_227' title='bbox 281 2901 416 2967; x_wconf 82' lang='lat' dir='ltr'>Festum</span> <span class='ocrx_word' id='word_1_228' title='bbox 439 2903 573 2989; x_wconf 92' lang='lat' dir='ltr'>simplex</span> <span class='ocrx_word' id='word_1_229' title='bbox 596 2923 653 2989; x_wconf 91' lang='lat' dir='ltr'>per</span> <span class='ocrx_word' id='word_1_230' title='bbox 676 2904 834 2985; x_wconf 88' lang='lat' dir='ltr'>accidens,</span> <span class='ocrx_word' id='word_1_231' title='bbox 859 2925 885 2970; x_wconf 92' lang='lat' dir='ltr'>c.</span> <span class='ocrx_word' id='word_1_232' title='bbox 912 2906 930 2971; x_wconf 88' lang='grc'><strong>6</strong></span> <span class='ocrx_word' id='word_1_233' title='bbox 956 2925 985 2969; x_wconf 92' lang='grc' dir='ltr'>ιι.</span> <span class='ocrx_word' id='word_1_234' title='bbox 1003 2905 1033 2970; x_wconf 84' lang='grc'>9.</span> <span class='ocrx_word' id='word_1_235' title='bbox 1058 2904 1105 2969; x_wconf 82' lang='lat' dir='ltr'>An</span> <span class='ocrx_word' id='word_1_236' title='bbox 1131 2904 1169 2969; x_wconf 92' lang='lat' dir='ltr'>de</span> <span class='ocrx_word' id='word_1_237' title='bbox 1192 2905 1254 2970; x_wconf 86' lang='lat' dir='ltr'>isto</span> <span class='ocrx_word' id='word_1_238' title='bbox 1278 2901 1346 2967; x_wconf 87' lang='lat' dir='ltr'>lieri</span> 
     </span>
     <span class='ocr_line' id='line_1_29' title="bbox 327 2990 1281 3076; baseline 0.001 -21"><span class='ocrx_word' id='word_1_239' title='bbox 327 2990 444 3057; x_wconf 89' lang='lat' dir='ltr'>debeat</span> <span class='ocrx_word' id='word_1_240' title='bbox 467 2993 726 3057; x_wconf 83' lang='lat' dir='ltr'>commemoratio</span> <span class='ocrx_word' id='word_1_241' title='bbox 750 2995 846 3059; x_wconf 90' lang='lat' dir='ltr'>etiam</span> <span class='ocrx_word' id='word_1_242' title='bbox 869 2995 902 3060; x_wconf 94' lang='lat' dir='ltr'>in</span> <span class='ocrx_word' id='word_1_243' title='bbox 925 2995 1020 3060; x_wconf 89' lang='lat' dir='ltr'>blissa</span> <span class='ocrx_word' id='word_1_244' title='bbox 1043 2994 1188 3076; x_wconf 86' lang='lat' dir='ltr'>solemni,</span> <span class='ocrx_word' id='word_1_245' title='bbox 1206 2992 1281 3057; x_wconf 91' lang='lat' dir='ltr'>ibid.</span> 
     </span>
     <span class='ocr_line' id='line_1_30' title="bbox 283 3078 1351 3167; baseline -0.002 -21"><span class='ocrx_word' id='word_1_246' title='bbox 283 3078 403 3146; x_wconf 90' lang='lat' dir='ltr'>Fidelis</span> <span class='ocrx_word' id='word_1_247' title='bbox 427 3078 483 3166; x_wconf 82' lang='lat' dir='ltr'>(S.)</span> <span class='ocrx_word' id='word_1_248' title='bbox 500 3101 518 3145; x_wconf 93' lang='lat' dir='ltr'>a</span> <span class='ocrx_word' id='word_1_249' title='bbox 535 3080 735 3166; x_wconf 83' lang='lat' dir='ltr'>Sigmaringa</span> <span class='ocrx_word' id='word_1_250' title='bbox 752 3082 882 3149; x_wconf 90' lang='lat' dir='ltr'>Festum</span> <span class='ocrx_word' id='word_1_251' title='bbox 906 3085 933 3148; x_wconf 91' lang='lat' dir='ltr'>si</span> <span class='ocrx_word' id='word_1_252' title='bbox 959 3082 1168 3148; x_wconf 80' lang='lat' dir='ltr'>transferatur</span> <span class='ocrx_word' id='word_1_253' title='bbox 1185 3090 1258 3167; x_wconf 88' lang='lat' dir='ltr'>post</span> <span class='ocrx_word' id='word_1_254' title='bbox 1274 3081 1351 3144; x_wconf 90' lang='lat' dir='ltr'>Pen-</span> 
     </span>
     <span class='ocr_line' id='line_1_31' title="bbox 326 3169 1350 3259; baseline -0.001 -26"><span class='ocrx_word' id='word_1_255' title='bbox 326 3176 483 3244; x_wconf 87' lang='lat' dir='ltr'>tecosten,</span> <span class='ocrx_word' id='word_1_256' title='bbox 507 3169 613 3234; x_wconf 90' lang='lat' dir='ltr'>adnot.</span> <span class='ocrx_word' id='word_1_257' title='bbox 638 3170 681 3235; x_wconf 74' lang='lat' dir='ltr'>tt</span> <span class='ocrx_word' id='word_1_258' title='bbox 704 3172 779 3257; x_wconf 79' lang='lat' dir='ltr'>dpr.</span> <span class='ocrx_word' id='word_1_259' title='bbox 805 3193 835 3237; x_wconf 93' lang='grc' dir='ltr'>ιι.</span> <span class='ocrx_word' id='word_1_260' title='bbox 853 3170 891 3237; x_wconf 92' lang='lat' dir='ltr'>ll.</span> <span class='ocrx_word' id='word_1_261' title='bbox 910 3173 984 3259; x_wconf 82' lang='lat' dir='ltr'>ldjds</span> <span class='ocrx_word' id='word_1_262' title='bbox 1001 3170 1108 3236; x_wconf 87' lang='lat' dir='ltr'>Oratio</span> <span class='ocrx_word' id='word_1_263' title='bbox 1132 3191 1196 3235; x_wconf 92' lang='lat' dir='ltr'>nou</span> <span class='ocrx_word' id='word_1_264' title='bbox 1213 3177 1262 3234; x_wconf 91' lang='lat' dir='ltr'>est</span> <span class='ocrx_word' id='word_1_265' title='bbox 1278 3188 1350 3232; x_wconf 90' lang='lat' dir='ltr'>con·</span> 
     </span>
    </p>

    <p class='ocr_par' dir='ltr' id='par_1_12' title="bbox 329 3257 1145 3344">
     <span class='ocr_line' id='line_1_32' title="bbox 329 3257 1145 3344; baseline -0.001 -22"><span class='ocrx_word' id='word_1_266' title='bbox 329 3257 489 3322; x_wconf 89' lang='lat' dir='ltr'>cludenda</span> <span class='ocrx_word' id='word_1_267' title='bbox 511 3259 548 3323; x_wconf 84' lang='lat' dir='ltr'>ln</span> <span class='ocrx_word' id='word_1_268' title='bbox 570 3259 687 3323; x_wconf 85' lang='lat' dir='ltr'>coitate</span> <span class='ocrx_word' id='word_1_269' title='bbox 709 3260 848 3344; x_wconf 81' lang='lat' dir='ltr'>ejusdem</span> <span class='ocrx_word' id='word_1_270' title='bbox 870 3268 942 3336; x_wconf 83' lang='lat' dir='ltr'>ete,</span> <span class='ocrx_word' id='word_1_271' title='bbox 966 3259 1041 3324; x_wconf 93' lang='lat' dir='ltr'>ibid.</span> <span class='ocrx_word' id='word_1_272' title='bbox 1066 3279 1096 3323; x_wconf 91' lang='lat' dir='ltr'>n.</span> <span class='ocrx_word' id='word_1_273' title='bbox 1122 3257 1145 3321; x_wconf 94' lang='lat' dir='ltr'>l.</span> 
     </span>
    </p>

    <p class='ocr_par' dir='ltr' id='par_1_13' title="bbox 284 3344 1350 3520">
     <span class='ocr_line' id='line_1_33' title="bbox 284 3344 1350 3433; baseline -0.002 -23"><span class='ocrx_word' id='word_1_274' title='bbox 284 3344 397 3411; x_wconf 93' lang='lat' dir='ltr'>Fontis</span> <span class='ocrx_word' id='word_1_275' title='bbox 414 3345 616 3433; x_wconf 90' lang='lat' dir='ltr'>Baptismalis</span> <span class='ocrx_word' id='word_1_276' title='bbox 633 3347 812 3413; x_wconf 88' lang='lat' dir='ltr'>benedictio</span> <span class='ocrx_word' id='word_1_277' title='bbox 834 3368 897 3413; x_wconf 93' lang='lat' dir='ltr'>non</span> <span class='ocrx_word' id='word_1_278' title='bbox 913 3347 1006 3414; x_wconf 92' lang='lat' dir='ltr'>modo</span> <span class='ocrx_word' id='word_1_279' title='bbox 1024 3348 1055 3410; x_wconf 94' lang='lat' dir='ltr'>in</span> <span class='ocrx_word' id='word_1_280' title='bbox 1073 3345 1211 3411; x_wconf 83' lang='lat' dir='ltr'>Sabbata</span> <span class='ocrx_word' id='word_1_281' title='bbox 1228 3353 1350 3419; x_wconf 90' lang='lat' dir='ltr'>sancto,</span> 
     </span>
     <span class='ocr_line' id='line_1_34' title="bbox 328 3433 1349 3520; baseline -0.002 -21"><span class='ocrx_word' id='word_1_282' title='bbox 328 3454 441 3500; x_wconf 84' lang='lat' dir='ltr'>verum</span> <span class='ocrx_word' id='word_1_283' title='bbox 466 3435 561 3500; x_wconf 92' lang='lat' dir='ltr'>etiam</span> <span class='ocrx_word' id='word_1_284' title='bbox 584 3438 617 3500; x_wconf 94' lang='lat' dir='ltr'>in</span> <span class='ocrx_word' id='word_1_285' title='bbox 640 3435 753 3519; x_wconf 79' lang='lat' dir='ltr'>Vigilia</span> <span class='ocrx_word' id='word_1_286' title='bbox 777 3436 983 3502; x_wconf 88' lang='lat' dir='ltr'>Pentecostes</span> <span class='ocrx_word' id='word_1_287' title='bbox 1007 3433 1187 3520; x_wconf 83' lang='lat' dir='ltr'>peragenda</span> <span class='ocrx_word' id='word_1_288' title='bbox 1211 3441 1271 3507; x_wconf 90' lang='lat' dir='ltr'>est,</span> <span class='ocrx_word' id='word_1_289' title='bbox 1295 3452 1349 3497; x_wconf 92' lang='lat' dir='ltr'>an·</span> 
     </span>
    </p>

    <p class='ocr_par' dir='ltr' id='par_1_14' title="bbox 282 3522 1184 3591">
     <span class='ocr_line' id='line_1_35' title="bbox 282 3522 1184 3591; baseline -0.002 -2"><span class='ocrx_word' id='word_1_290' title='bbox 282 3583 285 3589; x_wconf 80' lang='grc'>,</span> <span class='ocrx_word' id='word_1_291' title='bbox 330 3531 398 3589; x_wconf 88' lang='lat' dir='ltr'>not.</span> <span class='ocrx_word' id='word_1_292' title='bbox 423 3525 455 3590; x_wconf 94' lang='lat' dir='ltr'>in</span> <span class='ocrx_word' id='word_1_293' title='bbox 479 3523 573 3589; x_wconf 89' lang='lat' dir='ltr'>Festa</span> <span class='ocrx_word' id='word_1_294' title='bbox 597 3525 800 3591; x_wconf 81' lang='lat' dir='ltr'>dsoerrsionis</span> <span class='ocrx_word' id='word_1_295' title='bbox 817 3531 849 3588; x_wconf 90' lang='lat' dir='ltr'>et</span> <span class='ocrx_word' id='word_1_296' title='bbox 871 3525 1075 3589; x_wconf 86' lang='lat' dir='ltr'>Pentecostes</span> <span class='ocrx_word' id='word_1_297' title='bbox 1099 3543 1129 3587; x_wconf 91' lang='lat' dir='ltr'>n.</span> <span class='ocrx_word' id='word_1_298' title='bbox 1154 3522 1184 3587; x_wconf 79' lang='lat'>9.</span> 
     </span>
    </p>

    <p class='ocr_par' dir='ltr' id='par_1_15' title="bbox 284 3608 1350 3786">
     <span class='ocr_line' id='line_1_36' title="bbox 284 3608 1350 3700; baseline -0.002 -24"><span class='ocrx_word' id='word_1_299' title='bbox 284 3611 453 3678; x_wconf 88' lang='lat' dir='ltr'>Francisoi</span> <span class='ocrx_word' id='word_1_300' title='bbox 476 3613 599 3697; x_wconf 74' lang='lat' dir='ltr'>Bergine</span> <span class='ocrx_word' id='word_1_301' title='bbox 623 3612 680 3700; x_wconf 75' lang='lat' dir='ltr'>(S.)</span> <span class='ocrx_word' id='word_1_302' title='bbox 705 3632 850 3698; x_wconf 84' lang='lat' dir='ltr'>quaenam</span> <span class='ocrx_word' id='word_1_303' title='bbox 866 3614 961 3679; x_wconf 89' lang='lat' dir='ltr'>llissa</span> <span class='ocrx_word' id='word_1_304' title='bbox 984 3610 1147 3678; x_wconf 89' lang='lat' dir='ltr'>recitanda</span> <span class='ocrx_word' id='word_1_305' title='bbox 1170 3611 1211 3676; x_wconf 86' lang='lat' dir='ltr'>sit</span> <span class='ocrx_word' id='word_1_306' title='bbox 1227 3611 1259 3675; x_wconf 96' lang='lat' dir='ltr'>in</span> <span class='ocrx_word' id='word_1_307' title='bbox 1283 3608 1350 3694; x_wconf 84' lang='lat' dir='ltr'>ejus</span> 
     </span>
     <span class='ocr_line' id='line_1_37' title="bbox 330 3700 857 3786; baseline 0.004 -21"><span class='ocrx_word' id='word_1_308' title='bbox 330 3700 426 3786; x_wconf 88' lang='lat' dir='ltr'>lesto,</span> <span class='ocrx_word' id='word_1_309' title='bbox 451 3702 558 3767; x_wconf 91' lang='lat' dir='ltr'>adnot.</span> <span class='ocrx_word' id='word_1_310' title='bbox 578 3703 618 3767; x_wconf 91' lang='grc'>10</span> <span class='ocrx_word' id='word_1_311' title='bbox 643 3702 753 3768; x_wconf 85' lang='lat' dir='ltr'>Octob.</span> <span class='ocrx_word' id='word_1_312' title='bbox 778 3723 809 3768; x_wconf 90' lang='lat' dir='ltr'>n.</span> <span class='ocrx_word' id='word_1_313' title='bbox 833 3701 857 3768; x_wconf 93' lang='lat' dir='ltr'>l.</span> 
     </span>
    </p>

    <p class='ocr_par' dir='ltr' id='par_1_16' title="bbox 284 3788 1349 3947">
     <span class='ocr_line' id='line_1_38' title="bbox 284 3788 1349 3879; baseline -0.003 -23"><span class='ocrx_word' id='word_1_314' title='bbox 284 3790 479 3856; x_wconf 91' lang='lat' dir='ltr'>Francisous</span> <span class='ocrx_word' id='word_1_315' title='bbox 504 3791 685 3856; x_wconf 85' lang='lat' dir='ltr'>Caraoeiolo</span> <span class='ocrx_word' id='word_1_316' title='bbox 717 3789 774 3879; x_wconf 86' lang='lat' dir='ltr'>(S.)</span> <span class='ocrx_word' id='word_1_317' title='bbox 805 3791 902 3858; x_wconf 89' lang='lat' dir='ltr'>habet</span> <span class='ocrx_word' id='word_1_318' title='bbox 924 3793 1052 3858; x_wconf 86' lang='lat' dir='ltr'>Missam</span> <span class='ocrx_word' id='word_1_319' title='bbox 1080 3789 1263 3875; x_wconf 89' lang='lat' dir='ltr'>propriam,</span> <span class='ocrx_word' id='word_1_320' title='bbox 1295 3788 1349 3853; x_wconf 93' lang='lat' dir='ltr'>ad·</span> 
     </span>
     <span class='ocr_line' id='line_1_39' title="bbox 330 3879 540 3947; baseline -0.01 0"><span class='ocrx_word' id='word_1_321' title='bbox 330 3887 400 3947; x_wconf 90' lang='lat' dir='ltr'>not.</span> <span class='ocrx_word' id='word_1_322' title='bbox 424 3879 445 3944; x_wconf 95' lang='grc'><strong>4</strong></span> <span class='ocrx_word' id='word_1_323' title='bbox 468 3879 540 3946; x_wconf 87' lang='lat' dir='ltr'>Jnn.</span> 
     </span>
    </p>
   </div>
   <div class='ocr_carea' id='block_1_3' title="bbox 284 3966 1349 4246">
    <p class='ocr_par' dir='ltr' id='par_1_17' title="bbox 284 3966 1349 4246">
     <span class='ocr_line' id='line_1_40' title="bbox 284 3966 1349 4058; baseline -0.004 -23"><span class='ocrx_word' id='word_1_324' title='bbox 284 3968 481 4035; x_wconf 88' lang='lat' dir='ltr'>Francisous</span> <span class='ocrx_word' id='word_1_325' title='bbox 504 3969 658 4042; x_wconf 82' lang='lat' dir='ltr'>Xaverius</span> <span class='ocrx_word' id='word_1_326' title='bbox 682 3967 739 4057; x_wconf 79' lang='lat' dir='ltr'>(S.)</span> <span class='ocrx_word' id='word_1_327' title='bbox 768 3969 822 4036; x_wconf 92' lang='lat' dir='ltr'>ubi</span> <span class='ocrx_word' id='word_1_328' title='bbox 853 3970 970 4058; x_wconf 81' lang='lat' dir='ltr'>gaudet</span> <span class='ocrx_word' id='word_1_329' title='bbox 999 3968 1138 4045; x_wconf 85' lang='lat' dir='ltr'>Octava,</span> <span class='ocrx_word' id='word_1_330' title='bbox 1171 3966 1245 4053; x_wconf 87' lang='lat' dir='ltr'>quid</span> <span class='ocrx_word' id='word_1_331' title='bbox 1269 3987 1349 4054; x_wconf 73' lang='lat' dir='ltr'>prae·</span> 
     </span>
     <span class='ocr_line' id='line_1_41' title="bbox 331 4053 1348 4131; baseline -0.003 -7"><span class='ocrx_word' id='word_1_332' title='bbox 331 4057 484 4124; x_wconf 88' lang='lat' dir='ltr'>standum</span> <span class='ocrx_word' id='word_1_333' title='bbox 508 4059 535 4124; x_wconf 91' lang='lat' dir='ltr'>si</span> <span class='ocrx_word' id='word_1_334' title='bbox 559 4058 628 4125; x_wconf 77' lang='lat' dir='ltr'>buc</span> <span class='ocrx_word' id='word_1_335' title='bbox 652 4068 822 4128; x_wconf 87' lang='lat' dir='ltr'>concurrat</span> <span class='ocrx_word' id='word_1_336' title='bbox 844 4081 917 4130; x_wconf 86' lang='lat' dir='ltr'>cum</span> <span class='ocrx_word' id='word_1_337' title='bbox 938 4058 1101 4131; x_wconf 86' lang='lat' dir='ltr'>Dominica</span> <span class='ocrx_word' id='word_1_338' title='bbox 1124 4056 1263 4126; x_wconf 89' lang='lat' dir='ltr'>secunda</span> <span class='ocrx_word' id='word_1_339' title='bbox 1286 4053 1348 4123; x_wconf 86' lang='lat' dir='ltr'>Ad·</span> 
     </span>
     <span class='ocr_line' id='line_1_42' title="bbox 332 4146 714 4246; baseline 0.01 -34"><span class='ocrx_word' id='word_1_340' title='bbox 332 4155 459 4226; x_wconf 76' lang='lat' dir='ltr'>ventus</span> <span class='ocrx_word' id='word_1_341' title='bbox 483 4146 590 4216; x_wconf 87' lang='lat' dir='ltr'>adnot.</span> <span class='ocrx_word' id='word_1_342' title='bbox 608 4148 714 4246; x_wconf 78' lang='lat' dir='ltr'>illlec.</span> 
     </span>
    </p>
   </div>
   <div class='ocr_carea' id='block_1_4' title="bbox 0 0 1749 4875">
    <p class='ocr_par' dir='ltr' id='par_1_18' title="bbox 0 0 1749 4875">
     <span class='ocr_line' id='line_1_43' title="bbox 0 0 1749 4875; baseline 0 0"><span class='ocrx_word' id='word_1_343' title='bbox 0 0 1749 4875; x_wconf 95' lang='lat' dir='ltr'> </span> 
     </span>
    </p>
   </div>
  </div>
 </body>
</html>
