3484 4875
363 489 427 556 228
626 511 846 557 nnsorrrmms
863 512 894 556 m
909 511 998 556 rusus
1015 477 1120 557 return

427 616 463 683 V.
487 616 617 683 Festum
640 618 701 683 hoe
725 618 775 684 Ss.
803 620 944 684 omnium
976 617 1221 704 Reliquiarum‚
1248 638 1287 684 cer

383 707 519 771 marium
549 705 728 773 habendum
752 716 820 773 est:
846 728 1039 793 quamquam
1066 710 1153 773 enirn
1178 708 1217 771 de
1242 729 1287 772 nor

383 793 509 860 Sanctis
534 795 572 859 od
597 816 676 880 quos
708 797 771 861 illae
795 805 961 883 spectant,
990 798 1157 881 contingat
1186 795 1287 862 inlraa

384 883 499 949 iterum
516 885 645 950 recitari
662 885 817 961 Officium,
841 885 1060 951 difficillimum
1078 893 1187 951 tamen
1204 894 1250 951 est
1264 907 1287 950 at

384 970 517 1038 dixerim
542 973 749 1059 impossibile,
768 982 800 1039 ut
824 973 855 1039 id
880 975 983 1059 ipsum
1007 975 1176 1060 contingat
1193 974 1230 1040 de
1246 995 1287 1039 om

383 1080 482 1144 quare
505 1061 634 1127 Festum
669 1063 845 1149 ejusmodi,
870 1064 915 1128 uti
939 1063 1131 1148 primarium
1152 1065 1265 1129 saltem

383 1150 458 1215 illos
481 1154 603 1215 censeri
636 1161 784 1237 oportet,
807 1172 942 1237 quorum
973 1150 1033 1217 hac
1066 1159 1191 1218 tantum
1216 1153 1278 1217 vice

383 1239 448 1305 cris
471 1239 627 1326 lleliquiis
648 1242 801 1306 memoria
825 1242 972 1305 recurrit.
1222 1305 1225 1314 ,

341 1325 391 1391 ll.
414 1364 459 1377 --
482 1328 611 1394 Festum
635 1327 669 1394 S,
691 1329 816 1397 Patritii
839 1329 986 1415 Episcopi
1017 1337 1049 1393 et
1073 1328 1272 1394 Conlessoris

383 1417 442 1481 sub
466 1418 527 1483 ritu
553 1417 672 1504 duplici
695 1419 811 1485 minori
834 1439 872 1483 ex
895 1417 1028 1483 Decreta
1052 1418 1149 1483 Urbis
1172 1426 1206 1483 et
1229 1417 1287 1483 Orh

266 1538 267 1541 ¹
302 1545 305 1550 ,
386 1505 426 1569 pp
450 1506 523 1570 Ma'i
549 1507 645 1573 l859.

341 1592 391 1657 tt.
415 1631 460 1642 —
482 1529 509 1660 d
532 1594 662 1674 Quoties
685 1593 887 1671 Officiums.
905 1594 1022 1681 loseph
1047 1593 1165 1680 Spousi
1190 1596 1227 1660 B.
1250 1596 1285 1659 ll.

383 1681 527 1748 lebratur
550 1685 581 1749 in
606 1684 874 1768 Quadragesima‚
897 1704 935 1748 ex
958 1692 1070 1749 octava
1094 1692 1127 1747 et
1151 1706 1237 1749 nona
1259 1684 1287 1748 u

383 1772 550 1836 coniicitur
573 1794 645 1847 una,
671 1782 702 1838 et
726 1775 745 1839 9
769 1773 876 1837 lectio
901 1781 949 1838 est
973 1772 1011 1837 de
1035 1771 1169 1838 homilia
1194 1774 1287 1838 Feriee

427 1858 464 1923 ll.
491 1860 549 1925 Uli
573 1862 703 1926 llcstum
735 1862 880 1948 predicti
912 1861 945 1925 S.
967 1861 1085 1946 loseph
1111 1871 1263 1927 occurrat

382 1947 508 2013 minicis
531 1948 790 2034 era'dragesimoe
812 1951 862 2015 vel
878 1949 959 2015 inira
984 1949 1228 2016 Hebdomadam
1244 1970 1287 2015 ma

382 2032 576 2104 transfertur
606 2040 711 2124 quoad
738 2038 883 2104 Officium
909 2047 940 2104 et
963 2038 1091 2104 Missam
1125 2040 1157 2103 in
1184 2040 1268 2104 diem

382 2145 468 2192 mam
498 2147 561 2193 non
592 2129 778 2214 impeditam
798 2127 1091 2213 juxta-RubricaS‚
1123 2128 1244 2215 quippe
1273 2149 1287 2192 c

382 2211 443 2280 herc
477 2219 582 2303 capite
616 2219 704 2283 nullo
739 2218 876 2302 gaudeat
910 2217 1086 2304 privilegio.
1120 2216 1274 2295 Quamvis

381 2304 605 2383 transferatur,
629 2308 661 2371 in
684 2307 808 2393 Hymno
831 2306 974 2371 Laudum
997 2305 1094 2371 verba
1118 2306 1175 2370 illa
1193 2305 1287 2371 Hcer

381 2394 457 2482 cepit
479 2397 594 2462 merrrit
616 2395 758 2485 perennis
779 2395 895 2482 pendia
918 2395 990 2460 vitre
1020 2415 1083 2460 non
1115 2404 1213 2461 crunt
1236 2414 1287 2460 var

381 2485 443 2548 rite
466 2487 551 2551 enim
574 2485 678 2551 adhuc
701 2485 763 2550 dici
787 2493 916 2572 queunt,
940 2486 1013 2570 quia
1037 2484 1078 2548 ad
1102 2484 1188 2550 diem
1214 2505 1287 2569 aequt

383 2581 519 2648 runtur‚
551 2596 612 2660 qua
637 2574 669 2640 S.
693 2574 814 2659 loseph
837 2575 987 2660 perennis
1010 2573 1125 2657 gaudia
1149 2574 1225 2638 vitae
1249 2583 1287 2638 est

383 2671 486 2727 cutus.
508 2664 651 2728 Tetomus
675 2664 808 2728 indicna
831 2662 982 2727 tenelle
1006 2663 1113 2726 causis
1129 2682 1166 2726 ae
1183 2664 1285 2727 ration

382 2749 540 2836 Hymuum
558 2754 700 2838 aliosque
724 2751 963 2838 transponendi,
979 2750 1011 2815 id
1027 2752 1133 2816 recole
1158 2751 1245 2837 quod
1265 2771 1287 2814 er

383 2857 453 2902 murs
468 2839 517 2903 die
531 2841 670 2906 secunda
686 2841 780 2926 hujus
793 2841 920 2906 diensis.
936 2840 1044 2905 'Conci
1059 2840 1133 2904 tol
1150 2862 1176 2904 e.
1192 2841 1231 2904 5l
1251 2840 1278 2903 d.

426 2926 479 2990 ΙΙΙ.
505 2927 539 2992 Si
562 2929 690 2995 Festum
715 2931 746 2996 S.
771 2930 890 3014 loseph
913 2928 1033 2994 incidat
1056 2929 1087 2992 in
1111 2927 1240 2994 Feriam
1262 2949 1287 3013 qr

382 3013 415 3077 in
440 3013 535 3081 Coena
559 3018 705 3095 llomini,
730 3019 798 3105 ejus
821 3017 967 3084 Officium
996 3015 1189 3082 transfertur
1212 3027 1287 3084 utn

387 3101 512 3168 cedenti
546 3107 744 3173 declaratum
776 3115 836 3173 est.
859 3109 1005 3172 Ceterum
1039 3115 1238 3192 praeceptum
1260 3126 1288 3170 au

383 3189 518 3258 Sacrum
542 3205 573 3261 et
597 3196 810 3262 abstinendia
831 3197 1000 3261 servilibus
1022 3195 1076 3259 ubi
1100 3195 1187 3279 viget
1204 3195 1287 3260 adhu

383 3280 522 3348 randum
553 3286 586 3352 in
616 3286 686 3371 ipsa
708 3286 801 3351 Feria
825 3286 957 3370 quinta;
990 3284 1133 3368 adeoque
1165 3284 1205 3348 alr
1231 3282 1287 3348 Ord

382 3369 541 3438 Locorum
565 3384 715 3440 accurate
738 3383 787 3440 est
811 3372 1061 3460 providendum,
1087 3381 1121 3437 ut
1143 3372 1205 3437 hac
1230 3372 1277 3436 die

383 3461 505 3547 aliquot
529 3465 673 3548 privatae,
689 3471 762 3528 ante
786 3463 1034 3529 celebrationem
1051 3461 1156 3526 llissae
1173 3461 1287 3526 Comen

381 3549 415 3614 in
439 3571 500 3636 qua
525 3553 608 3617 Cleri
626 3552 812 3618 Communia
835 3571 1035 3637 nequaquem
1059 3551 1122 3614 erit
1144 3546 1287 3614 omittend

383 3641 536 3726 praecepti
568 3642 817 3727 adimplementc
848 3661 912 3706 non
941 3640 1054 3705 desint.
1080 3639 1111 3704 S.
1136 3639 1172 3703 R.
1201 3639 1231 3703 0.
1257 3634 1287 3700 lt

385 3726 470 3791 tout
501 3729 590 3796 Decr.
621 3751 723 3816 peocr.
754 3730 871 3796 lisdem
894 3728 994 3794 ferme
1016 3728 1122 3794 verbis
1146 3743 1287 3812 expresso

383 3812 553 3883 llecretum
577 3820 714 3885 alterum
738 3840 795 3906 pro
819 3818 1077 3884 Annuntiationis
1102 3816 1206 3881 Festo.
1226 3814 1287 3878 lix*

384 3900 527 3969 Decretis
551 3907 706 3973 ductores
737 3916 824 3973 reete
848 3908 1028 3991 colligunt,
1057 3906 1141 3970 lrourd
1172 3895 1287 3970 aliteri

385 3990 461 4056 dum
484 3994 515 4058 in
539 3997 650 4080 qumis
673 3998 736 4061 alio
758 3997 854 4062 Festo
887 3995 925 4061 de
949 4003 1112 4082 praecepto
1139 3991 1239 4080 qtroad
1261 3985 1287 4050 lt

363 4079 411 4144 ἐἰ
434 4083 467 4150 in
490 4083 604 4171 majori
628 4085 720 4152 Feria
744 4087 853 4172 quinta
877 4084 995 4152 alicubi
1018 4092 1177 4150 occurrat.
1197 4072 1283 4146 Conci.
