3484 4875
520 516 613 563 ctrur
629 518 658 563 V.
674 517 714 563 llll
729 516 908 565 orrtctuuutt
924 518 1145 564 CDNGUDDBNTIA
1305 496 1346 564 75

320 642 407 689 turm
434 623 508 689 Ord.
528 625 770 691 Carmelitarum
792 624 1055 692 lt'rccelceatarum
1079 625 1120 690 ad
1144 626 1197 700 17,
1220 624 1263 690 ‘20
1281 625 1361 711 Apr.

320 708 380 778 itte
402 714 434 778 ia
456 735 521 778 arra
547 714 620 779 ura.
637 714 848 780 Ererar'tcrum
873 716 904 781 S.
922 714 1088 801 Acrpustiai
1109 714 1150 779 ad
1174 716 1265 789 1,12
1287 717 1366 804 Apr.

320 794 381 867 1115
404 802 436 867 r‘u
451 802 678 868 Panormitano
702 804 744 869 ccl
766 804 832 869 111
856 805 875 869 6
900 826 937 869 cc
960 802 1002 869 16
1025 803 1120 870 Mart.
1139 803 1223 870 1859
1248 802 1281 869 ir
1303 825 1366 868 uuo

320 884 546 975 l'aaprepatr‘oais
569 892 755 958 Sebalururu
776 896 906 981 piarum
931 892 972 957 cd
997 893 1026 958 l.
1200 945 1202 949 Α

323 1015 326 1037 ;
360 979 424 1045 lll.⁰
448 979 582 1059 Quando
610 983 795 1066 precedens
825 991 861 1046 ct
889 982 1091 1067 subsequens
1123 978 1269 1047 Oiticium
1293 989 1367 1047 sunt

320 1063 434 1149 jusdam
458 1071 564 1146 ritus,
587 1070 793 1157 ejnsternqoe
817 1072 952 1147 classis,
983 1070 1125 1136 sednon
1152 1070 1295 1156 ejusdem
1319 1070 1365 1134 di-

320 1158 423 1235 ritatis
447 1158 625 1245 objectiva,
640 1160 789 1247 Vespera.
812 1161 946 1245 integra
965 1167 1058 1225 erunt
1082 1159 1120 1225 de
1144 1158 1290 1243 digniori.
1307 1159 1379 1224 Hic.

320 1256 388 1341 lurra
411 1247 641 1335 perpendenda
665 1259 714 1315 est
738 1249 876 1334 dignitas
902 1257 1027 1314 tantum
1050 1249 1196 1331 insignis,
1220 1269 1281 1334 qua
1305 1250 1365 1313 sci·

320 1344 366 1402 cer
387 1338 533 1402 eminent
549 1336 643 1402 Festa
661 1338 814 1424 quedam
839 1339 898 1404 hoa
923 1339 1047 1403 ordine:
1065 1337 1089 1403 Ι.
1114 1336 1208 1402 Festa
1231 1337 1366 1403 Domini.

320 1416 335 1489 l.
353 1425 503 1513 Deiparae
526 1426 677 1511 Virginis.
709 1427 763 1492 lll.
788 1427 839 1492 Ss.
867 1428 1072 1514 Angelorum.
1103 1425 1154 1491 lV.
1180 1426 1212 1491 S.
1236 1427 1367 1492 loannis

320 1786 395 1848 uiant
415 1796 450 1847 nt
471 1786 564 1849 chtis
584 1786 705 1866 equalis
725 1784 915 1848 solemnitatis
936 1804 987 1848 scu
1010 1786 1141 1865 ejusdcm
1164 1785 1264 1848 classis
1286 1792 1369 1850 Festa

320 1868 404 1929 turini
420 1868 633 1942 anteferuntur,
654 1877 740 1947 atque
762 1868 833 1928 adeo
849 1875 987 1947 utrasque
1003 1870 1147 1944 vesperas
1168 1868 1293 1944 integras
1314 1868 1376 1931 sibi¹

320 1948 464 2011 rdiccnt?
488 1951 648 2026 Eaproptcr
681 1949 736 2009 nisi
763 1948 862 2009 dicere
895 1947 1020 2007 velimus
1041 1950 1070 2007 S.
1091 1951 1126 2007 R.
1149 1951 1180 2009 C.
1203 1967 1317 2009 errasse
1340 1951 1369 2010 iu

326 2029 485 2091 bricarum
509 2027 767 2105 interpretatione,
787 2026 865 2107 quod
888 2028 968 2088 naias
991 2026 1037 2087 vel
1059 2026 1223 2105 suspicari,
1252 2047 1370 2090 necesse

320 2154 323 2165 .
346 2109 487 2171 atillam
510 2107 647 2170 classium
675 2108 889 2170 distinctionem
919 2115 1090 2167 statuemus.
1113 2111 1153 2167 Ex
1184 2125 1242 2185 qua
1264 2108 1370 2171 iterum

321 2197 379 2250 net
392 2188 488 2249 Festis
511 2188 671 2266 primariis,
684 2188 707 2248 si
723 2188 839 2268 quando
862 2206 931 2248 cum
954 2186 1134 2248 secundariis
1149 2186 1280 2265 ejusdcm
1297 2189 1369 2250 ritus

320 2277 472 2341 reumont,
494 2268 620 2345 integras
642 2272 786 2347 vesperas
809 2269 873 2328 iore
896 2267 1075 2328 tribuendas.
1096 2268 1236 2327 Videatur
1257 2287 1370 2345 quoque

320 2353 448 2410 tametio
463 2352 611 2425 adrepet
630 2352 771 2425 proxime
791 2350 968 2425 precedens
985 2366 1057 2424 pap.
1080 2346 1160 2410 18“.
1182 2350 1281 2424 Neque
1303 2366 1371 2410 rero

321 2449 342 2491 a
362 2429 554 2492 Nostratibns
583 2428 747 2509 peculiares
768 2428 885 2490 obstant
911 2428 1056 2497 Rubricae,
1078 2446 1144 2506 quae
1164 2424 1247 2487 aliter
1268 2428 1320 2490 hac
1342 2428 1371 2489 in

322 2519 369 2571 rte
392 2510 519 2571 edicunt
548 2514 600 2578 (a.
623 2513 663 2572 80
684 2521 711 2569 et
733 2513 836 2583 117),
867 2527 902 2569 ea
933 2508 1011 2587 qrrod
1042 2509 1112 2586 ipsae
1134 2509 1186 2581 (a.
1210 2509 1290 2583 137)
1320 2527 1371 2570 uas

320 2592 377 2651 nul
397 2590 508 2670 jubent
530 2592 690 2650 recentiora
712 2590 817 2670 exequi
839 2592 961 2649 Decreta
982 2592 1010 2649 S.
1031 2592 1066 2648 R.
1088 2591 1140 2658 C.,
1161 2589 1272 2665 quoties
1290 2588 1371 2668 juxta

320 2670 362 2731 ris
378 2669 525 2750 principia
540 2670 675 2731 llubricis
691 2671 888 2749 peculiaribus
910 2668 1059 2745 derogeat3
1073 2675 1100 2726 at
1120 2667 1149 2728 iu
1173 2685 1240 2728 cusu
1263 2668 1299 2730 dc
1314 2689 1372 2750 quo

320 2749 416 2820 fimus,
441 2750 476 2810 iis
497 2750 651 2827 derogari„
680 2759 759 2830 patu
779 2770 815 2812 ex
843 2767 879 2810 aa
900 2749 978 2828 quod
1000 2749 1135 2810 Dubricae
1162 2748 1273 2810 nullum
1303 2768 1371 2812 sane

320 2832 379 2892 bis
401 2829 559 2892 conterunt
581 2830 777 2908 priuilegium,
792 2830 841 2892 sed
856 2837 966 2891 tantum
989 2828 1136 2889 adbaerent
1151 2829 1206 2907 legi
1223 2831 1370 2892 conrmuni

320 2929 362 2970 1ae
385 2911 455 2970 alim
477 2909 612 2987 vigebat,
641 2929 691 2972 seu
715 2910 810 2989 patius
838 2911 935 2987 vigere
959 2909 1132 2990 putabatur,
1161 2911 1206 2970 cui
1229 2909 1372 2990 posterior

321 3007 342 3048 x
367 2988 428 3050 aim
448 2989 565 3064 ademit,
583 2989 665 3067 juxta
687 2990 781 3051 illud:
804 2991 920 3050 Priora
939 2991 1157 3066 posterioribus
1177 2993 1371 3071 derepuutur.
1433 3057 1438 3065 ‚

320 3070 495 3130 uamobrem
518 3075 546 3130 S.
570 3075 604 3131 R.
627 3074 658 3131 C.
680 3089 695 3130 a
717 3070 900 3132 Nostratibas
921 3078 1038 3148 rogata:
1062 3075 1104 3130 An
1127 3074 1209 3130 Festa
1231 3072 1372 3132 secunda·

320 3167 335 3209 a
359 3150 478 3211 Domini
509 3159 536 3210 et
558 3152 693 3228 Deiparae
715 3151 743 3211 in
765 3150 887 3229 paritate
915 3150 988 3210 ritus
1011 3151 1223 3229 praeferentium
1247 3151 1373 3213 habeant

320 3247 387 3309 rpra
417 3233 502 3290 Festa
529 3230 666 3310 primaria
688 3229 888 3292 Sanctorum?
925 3234 1012 3308 Resp.
1034 3230 1175 3306 Nepotice
1196 3232 1371 3306 1111ιαῦ1-

321 3320 390 3370 ·ete.
407 3310 463 3371 Dic
487 3313 524 3372 16
546 3316 615 3388 Apr.
640 3313 717 3374 l853
740 3310 767 3371 in
790 3329 846 3371 una
870 3311 941 3371 Ord.
964 3311 1032 3370 ltin.
1054 3311 1175 3370 observ.
1197 3310 1231 3369 ad
1254 3315 1272 3373 2
1294 3329 1322 3388 q.
1346 3315 1373 3370 1.

320 3398 444 3451 raeterea
467 3394 496 3451 S.
511 3394 545 3452 R.
561 3394 603 3464 C„
626 3394 749 3452 Decreta
770 3391 827 3452 diei
849 3395 888 3455 26
910 3388 1005 3450 Martii
1030 3392 1108 3450 18511
1131 3390 1265 3467 superins
1280 3390 1376 3463 allato,

320 3470 458 3531 eclararit
478 3469 618 3532 Rubricas
640 3471 790 3548 generales
812 3470 950 3532 Breviorii
975 3470 1094 3530 Romani
1117 3468 1248 3547 (quibus
1273 3487 1372 3531 omnes

320 3551 530 3626 astringuntur)
544 3569 610 3611 cum
625 3550 744 3631 aequalis
765 3561 810 3613 est
829 3553 912 3620 ritus,
927 3549 1123 3629 praelationem
1139 3549 1271 3610 aanierrc
1287 3550 1373 3627 pleno

321 3650 357 3692 re
372 3631 470 3691 Fastis
491 3630 636 3708 primariis
650 3649 738 3711 supra
760 3632 931 3693 secundaria
953 3631 1021 3692 licet
1035 3629 1159 3690 Domini.
1175 3630 1372 3702 Quamobrem

320 3730 362 3771 rm
385 3711 587 3788 interpretatio
608 3712 771 3772 anthentica
793 3712 998 3783 Rubrianum,
1020 3711 1061 3771 uti
1081 3710 1144 3770 haec
1166 3717 1218 3783 est,
1241 3729 1277 3772 ex
1295 3711 1371 3789 juris

320 3789 452 3863 rincipiis
473 3791 554 3851 alteri
578 3791 699 3853 cuilibet
720 3791 948 3869 interpretationi
971 3792 1053 3868 longe
1077 3790 1249 3868 praevaleat,
1279 3801 1372 3852 ratum

320 3871 542 3950 ‹plor-armaque
565 3880 607 3930 est
628 3870 714 3932 etiam
736 3891 770 3931 ex
795 3874 846 3933 bac
869 3873 972 3952 capite,
996 3880 1073 3934 recte
1095 3889 1109 3929 u
1132 3871 1225 3944 nobis,
1241 3890 1307 3931 cum
1329 3891 1374 3932 ce·

321 3969 355 4010 11
371 3958 533 4028 suppetunt
553 3952 695 4030 adjuncta,
711 3951 908 4032 praelationem
924 3954 1014 4015 Festis
1037 3951 1182 4032 primariis
1204 3952 1372 4033 adjudicari,

320 4049 352 4091 an
376 4030 562 4092 obstantibus
582 4030 718 4093 ttubricis
740 4032 861 4107 nostris,
884 4041 981 4113 utpote
1002 4052 1067 4113 quae
1090 4031 1117 4092 in
1139 4049 1267 4111 praesens
1290 4032 1316 4093 ri
1339 4051 1371 4094 o·

320 4109 430 4190 ligandi
454 4111 508 4172 bac
529 4112 558 4172 in
580 4131 611 4175 rc
632 4111 837 4174 destituantur.
