3484 4875
562 499 784 547 mrcrsmoms
799 500 830 547 m
846 499 938 546 resne
953 500 1111 546 rnonumur
1286 477 1349 547 199

353 626 406 693 per
419 606 576 693 ejusmodi
592 606 763 674 becretum
780 608 993 694 praestituitur
1009 607 1089 683 dies,
1102 612 1272 692 propterea
1289 604 1373 671 diem

352 696 411 782 pm
432 696 528 762 lixam
557 697 680 763 servari
701 695 750 762 ias
773 705 823 761 est
846 697 878 761 iu
901 694 1074 762 Ordinibus
1097 695 1148 759 rel
1170 694 1370 760 ltioeoosibus

352 784 403 850 ubi
423 783 571 852 Officium
592 785 653 852 boc
676 804 715 850 ex
737 785 923 871 Apostolico
945 784 1073 851 lndulto
1101 782 1293 869 jampridem
1319 803 1369 848 re-

354 874 439 939 citari
461 874 648 949 consuevit3
671 874 728 939 ubi
749 892 825 939 vero
849 894 933 939 nunc
955 874 1096 961 primum
1119 872 1248 938 recitari
1277 891 1371 957 opor·

354 968 405 1038 tet,
420 962 639 1050 reponendum
662 971 711 1028 est
734 962 784 1027 die
807 963 845 1027 51
865 962 948 1048 blaji,
974 962 1037 1028 nisi
1061 963 1124 1028 alio
1140 958 1251 1026 Officio
1274 961 1373 1046 impe·

321 1048 454 1117 ···.diatur
480 1052 570 1139 juxta
601 1051 811 1117 occurrentiae
846 1052 953 1136 leges:
988 1070 1051 1137 quo
1083 1069 1197 1135 nempe
1233 1068 1308 1114 casu
1332 1049 1374 1114 ad

355 1137 434 1205 diem
454 1141 642 1226 proximam,
664 1159 736 1226 quae
757 1158 857 1205 uacua
880 1159 918 1205 ac
945 1139 1047 1205 libera
1071 1140 1125 1215 sit,
1151 1135 1371 1203 transferetur.

360 1226 429 1291 Vide
451 1228 600 1294 adnotato
623 1251 649 1295 c.
675 1228 697 1295 t
721 1252 752 1294 o.
777 1228 830 1293 11.

320 1312 364 1382 kd.
383 1353 426 1365 -
446 1316 470 1384 l.
494 1316 528 1382 Si
552 1317 682 1384 Festum
706 1316 738 1382 8.
763 1316 944 1401 Margaritae
966 1316 1173 1381 Cortonensis
1197 1313 1248 1401 (et
1264 1314 1296 1379 in
1312 1312 1370 1379 llc·

321 1439 330 1462 .-
355 1404 446 1472 clesia
469 1406 642 1472 universali
665 1406 796 1471 Festum
820 1404 987 1470 Catbedrae
1011 1403 1044 1469 S.
1069 1404 1156 1469 Petri
1178 1403 1373 1489 Antiochiae)

321 1529 329 1548 ··
355 1502 425 1560 ante
447 1492 733 1579 Quadragesimam
763 1493 913 1559 inciderit
938 1494 972 1558 in
1004 1492 1180 1558 Sabbatum
1200 1499 1242 1575 et
1272 1511 1374 1557 annus

321 1629 331 1642 ..
353 1602 414 1648 non
436 1584 479 1649 sit
501 1584 689 1660 bissextilis,
712 1584 733 1649 9
756 1582 865 1648 Lectio
890 1583 951 1647 erit
974 1580 1014 1646 de
1034 1580 1166 1647 bomilia
1181 1580 1304 1665 Vigiliae
1320 1600 1374 1645 au·

321 1670 488 1758 aticipatm
510 1670 543 1736 S.
568 1672 695 1738 blatbiae
717 1672 874 1757 Apostoli,
891 1670 1022 1757 eJ'usque
1046 1678 1160 1754 agetur
1182 1689 1373 1735 commemo-

352 1761 433 1825 ratio
455 1762 489 1826 in
511 1760 672 1827 Laudibus
697 1769 731 1826 ot
752 1760 848 1825 blissa
879 1780 951 1825 cum
975 1758 1147 1842 Evangelio
1177 1759 1210 1823 in
1240 1758 1312 1823 fine.
1336 1757 1373 1823 ln

323 1901 328 1908 .
355 1845 603 1934 Quadrupesima
634 1857 741 1915 autem
764 1850 919 1914 recitatur
943 1867 1025 1912 noua
1048 1847 1157 1912 boetio
1181 1847 1220 1913 de
1242 1845 1373 1912 homilia

320 1953 337 2002 u
352 1939 549 2003 occurrentis
572 1938 683 2015 Ferie,
699 1957 772 2003 cum
795 1936 890 2023 hujus
913 1938 1217 2002 commemoratione
1240 1938 1272 2000 iu
1295 1935 1374 2000 Lau·

323 2043 339 2088 .··
353 2024 445 2092 dibus
473 2034 505 2092 et
528 2027 623 2091 blissa
651 2035 684 2092 et
713 2025 883 2110 llvangelio
913 2026 948 2090 in
978 2025 1059 2099 fioe;
1084 2024 1207 2109 Vigiliae
1234 2044 1309 2091 vero
1340 2024 1376 2089 lit

320 2167 322 2172 .
353 2114 518 2182 dumtaxat
541 2117 803 2181 commemoratio
826 2116 859 2179 in
883 2115 988 2180 Missa.
1013 2113 1109 2178 Rubr.
1135 2114 1188 2189 ibi,

392 2202 433 2269 ll.
457 2204 548 2271 Anno
570 2204 730 2270 bissextili
756 2204 843 2269 nulla
866 2201 1002 2268 habetur
1025 2201 1120 2266 bodie
1144 2202 1264 2267 mentio
1287 2200 1372 2286 Vigi-

322 2357 326 2368 ,
353 2290 403 2358 tic
426 2291 459 2359 S.
483 2292 609 2359 blatbiaa
632 2294 664 2358 iu
687 2292 924 2381 Martyrologio,
950 2292 1066 2377 qnippe
1090 2310 1162 2355 cum
1187 2289 1238 2354 die
1260 2288 1304 2354 dd
1328 2309 1376 2354 ce·

336 2379 505 2449 lebranda
528 2382 580 2448 sit.
603 2382 773 2449 Translata
793 2380 909 2466 Vigilia
931 2381 965 2445 in
988 2378 1186 2456 Sabbatum,
1217 2379 1311 2444 lectio
1336 2377 1376 2445 de

321 2520 330 2533 .
354 2469 409 2537 illa
431 2473 465 2537 iu
487 2472 713 2559 Martyrologio
748 2491 810 2537 non
834 2471 1049 2555 anticipatur,
1075 2489 1170 2555 quam
1196 2487 1269 2534 uam
1292 2468 1374 2533 auti·

320 2580 337 2669 p
354 2559 479 2644 cipetur
500 2560 643 2648 ejusdem
666 2559 813 2626 Officium
837 2578 909 2624 cum
937 2556 1066 2643 jejunio.
1095 2488 1200 2623 Goood.
1234 2567 1273 2622 to.
1299 2555 1319 2621 2
1348 2577 1374 2621 c.

320 2647 394 2755 pb?
418 2649 448 2715 d.
467 2649 486 2714 2
509 2673 540 2714 n.
567 2649 597 2715 8.
621 2648 655 2714 Si
670 2649 784 2734 Vigilia
802 2647 835 2713 S.
852 2646 978 2712 blatbiae
1002 2653 1150 2712 occurrat
1174 2665 1247 2711 cum
1271 2646 1375 2732 prima

326 2735 406 2811 adie
429 2735 710 2823 Quadragesimae,
741 2739 773 2802 io
805 2736 1032 2824 blartyrologio
1056 2736 1263 2800 annuntiatur
1286 2733 1376 2820 prius

355 2823 425 2891 Dies
450 2826 606 2904 diuorum,
630 2826 743 2892 deiude
772 2824 893 2912 Vipilic,
917 2826 991 2911 quia
1014 2845 1087 2890 cum
1111 2832 1223 2890 neutra
1247 2824 1288 2889 sit
1316 2822 1374 2887 Fe·
1445 2902 1451 2912 ἡ

333 2923 462 2991 ·stnm,
494 2916 585 2981 Feria
608 2914 758 2981 Cinerum
780 2912 980 3000 pracferenda
1003 2921 1073 2990 est,
1107 2922 1216 3000 utpote
1240 2913 1375 2998 dignior.

333 3002 694 3070 ·ffimlmub

397 3092 453 3158 111.
476 3091 536 3158 Ubi
559 3092 688 3159 Festum
711 3090 744 3156 S.
761 3092 953 3178 Margarita,
968 3094 1018 3158 vol
1042 3091 1129 3157 aliud
1154 3090 1377 3175 qtaodcumque

356 3178 449 3248 bodie
472 3201 666 3258 occurrens,
689 3179 842 3248 Octavam
864 3182 1008 3257 obtinet,
1041 3180 1085 3245 ibi
1109 3200 1192 3244 anuo
1216 3179 1377 3244 bissextili

357 3269 423 3337 dics
440 3270 558 3337 Octava
582 3270 705 3355 agenda
728 3278 778 3335 est
801 3270 851 3334 die
867 3271 909 3336 29
930 3268 1107 3343 Februarii,
1125 3267 1297 3333 dummodo
1314 3286 1378 3331 non

326 3402 337 3415 -·
355 3368 503 3447 oporteat
518 3359 641 3425 ratione
657 3357 916 3443 Quadragesimae
932 3358 1021 3424 illam
1037 3357 1151 3422 omitti.
1169 3355 1264 3419 debr.
1276 3354 1376 3442 pecul.

355 3469 385 3513 u.
401 3447 457 3515 16.
474 3446 620 3514 Oldcium
637 3446 669 3514 S.
686 3447 866 3532 Margaritae
883 3446 1089 3512 Cortonensis
1106 3445 1263 3509 elevatum
1280 3440 1378 3507 luisse

355 3536 396 3603 sd
418 3537 520 3603 ritum
543 3536 705 3623 duplicem
736 3535 893 3602 minorem
918 3555 936 3600 a
960 3535 1015 3598 Pio
1038 3532 1176 3618 Vllpro
1201 3531 1314 3607 bocis,
1344 3530 1378 3595 in

355 3622 472 3712 punitus
495 3623 556 3692 sub
579 3626 642 3690 ritu
665 3624 865 3709 semiduplici
891 3622 1131 3696 celebrabatur,
1155 3639 1217 3685 non
1241 3627 1377 3685 constat.

354 3715 387 3781 S.
410 3713 449 3780 R.
475 3713 507 3780 0.
531 3713 574 3780 20
597 3712 680 3803 Sept.
706 3713 792 3779 {tou
816 3712 848 3775 in
870 3711 1012 3778 Bricien.
1037 3710 1078 3775 od
1102 3709 1154 3775 ld.

318 3785 364 3870 23,
386 3839 434 3852 -
454 3803 479 3869 1.
503 3801 538 3869 Si
560 3801 691 3871 Festum
707 3801 873 3868 Gatbedrae
897 3800 929 3866 S.
946 3801 1032 3865 Pctri
1049 3797 1225 3865 Antiocbiae
1249 3816 1379 3863 concur-

354 3899 409 3958 rat
438 3911 512 3958 cum
534 3890 699 3957 {lominica
723 3889 956 3975 sexagesimae,
988 3887 1250 3955 commemoratio
1273 3887 1379 3971 agitur

354 3978 389 4046 8.
413 3979 506 4047 Pauli
540 3988 574 4046 et
606 3979 801 4054 llominicaa;
835 3979 909 4064 quia
932 3978 1008 4044 licet
1041 3979 1075 4044 in
1107 3977 1200 4043 istius
1228 3973 1379 4041 (tratione

356 4070 478 4141 mentio
501 4069 557 4137 fiat
578 4067 611 4137 S.
628 4069 730 4146 Pauli,
752 4088 816 4135 non
838 4068 875 4135 fit
895 4075 1003 4135 umen
1026 4066 1129 4134 instar
1151 4079 1380 4133 commemora·
