3484 4875
650 519 873 566 anuorarronns
889 520 919 567 m
935 520 1026 566 rosal
1041 520 1117 565 aneu
1334 503 1397 569 555

386 618 547 687 Patronus
570 623 620 687 vel
637 624 800 700 Titularis,
818 635 873 690 aut
890 626 945 690 ubi
968 626 1102 711 alicujus
1126 644 1164 690 ex
1188 626 1266 711 ipsis
1284 627 1419 712 insignis

385 708 505 773 colitur
529 709 696 796 Reliquia‚
729 714 770 777 ad
795 715 854 777 rite
879 712 1024 779 Olircium
1049 713 1261 779 ordinandum
1286 718 1417 800 perlege

386 797 534 879 exposita
559 818 585 862 c.
610 800 630 863 2
655 820 685 865 n.
710 800 763 875 26,
787 802 829 865 27
854 808 887 865 et
911 801 963 865 50.
1059 839 1062 847 ν

428 882 484 947 111.
510 884 589 949 llum
606 886 736 953 Nestum
761 887 810 952 Ss.
828 888 959 973 Septem
982 888 1133 954 Fratrum
1156 890 1189 954 in
1213 890 1297 954 diem
1316 897 1418 953 trans·

383 966 490 1035 fertur
507 992 566 1055 qua
585 984 733 1059 oporteat
749 996 866 1039 nonam
883 976 1066 1041 Lectionem
1083 977 1212 1042 recitari
1230 977 1269 1041 de
1286 976 1419 1041 homilia

382 1058 435 1122 vel
459 1058 545 1123 Nosti
569 1062 735 1148 simplicis,
753 1072 828 1128 tune
845 1084 884 1128 ex
907 1072 1019 1128 octava
1036 1072 1068 1128 et
1085 1084 1168 1129 nona
1191 1064 1299 1129 Lectio
1324 1064 1418 1128 unica

387 1145 566 1211 coniicitur.
592 1149 687 1214 Babr.
711 1151 763 1214 ibi.

343 1230 392 1296 ll.
415 1233 507 1298 -1.
532 1234 589 1300 Die
612 1237 731 1302 Octava
756 1237 970 1303 Oedieationis
994 1238 1146 1303 Ecclesiae
1162 1236 1328 1303 Lectiones
1346 1237 1413 1322 pri·

383 1320 427 1383 mi
451 1320 605 1387 Nocturni
630 1326 749 1390 eaedem
773 1335 849 1391 sunt
872 1345 999 1411 semper
1023 1345 1060 1390 ac
1085 1326 1135 1390 die
1159 1325 1255 1390 Festi.
1273 1326 1303 1389 S.
1322 1324 1359 1388 R.
1380 1324 1413 1389 G.

385 1406 403 1470 5
420 1407 499 1493 Moj.
517 1412 602 1476 1756
619 1412 652 1475 ic
668 1412 831 1477 Eiresidtcc.
850 1413 941 1491 Quod
966 1412 1006 1477 ad
1031 1413 1196 1478 Lectiones
1218 1414 1332 1477 attinet
1350 1420 1414 1476 ter·

385 1495 418 1558 tii
443 1495 619 1574 Nocturni,
644 1502 671 1564 si
696 1503 791 1566 nullae
822 1500 904 1568 infra
928 1501 1078 1566 Octavam
1104 1501 1223 1566 luerint
1250 1501 1415 1573 recitatae,

383 1580 434 1647 die
458 1582 577 1651 Octava
600 1589 746 1673 petendae
769 1597 845 1653 stent
868 1610 906 1655 ex
929 1590 955 1654 2'
975 1589 1024 1653 dic
1048 1588 1131 1653 inira
1156 1588 1331 1661 Octavam;
1357 1586 1411 1651 ubi

382 1689 457 1734 vero
481 1693 592 1739 omnes
616 1674 734 1741 luerint
758 1677 871 1751 lectae,
896 1676 1012 1743 Octava
1039 1676 1088 1741 die
1113 1676 1233 1741 eaedem
1257 1682 1352 1740 erunt
1378 1682 1413 1739 ut

382 1757 413 1822 in
438 1757 543 1825 Nesto.
567 1764 598 1827 S.
624 1763 660 1828 lt.
688 1764 719 1829 0.
744 1764 785 1828 27
810 1765 889 1849 dap.
917 1766 1001 1831 1856
1026 1766 1057 1829 io
1080 1764 1261 1829 Minoriceu.
1287 1764 1329 1827 cet
1355 1764 1384 1826 5.

426 1845 464 1911 ll.
491 1848 598 1914 Sicubi
623 1849 767 1916 Officium
791 1852 823 1916 S.
842 1853 890 1916 Pii
912 1853 1006 1938 Papae
1031 1861 1062 1918 et
1086 1852 1235 1939 Martyris
1259 1851 1321 1916 ritu
1340 1851 1415 1915 sim·

384 1932 458 2015 plici
483 1948 667 2022 peragatur,
685 1940 813 2004 attende
837 1940 922 2004 dicta
946 1942 1005 2005 snb
1030 1942 1080 2005 die
1106 1940 1147 2003 11
1168 1940 1287 2024 Aprilis
1311 1960 1341 2003 n.
1360 1937 1412 2002 111.

382 2019 476 2086 llissa
500 2026 562 2089 erit
577 2027 691 2090 Statuit
709 2028 747 2091 de
763 2027 931 2091 Communi
955 2029 1046 2093 unius
1070 2027 1219 2112 Martyris
1237 2026 1410 2090 Pontificis.

350 2104 392 2171 lt.
415 2146 460 2158 —
483 2110 506 2175 Ι.
538 2112 573 2177 ln
605 2112 756 2179 Oratione
786 2114 819 2178 S.
850 2114 982 2179 loannis
1012 2113 1241 2198 supprimenda
1272 2122 1322 2176 est
1352 2132 1412 2177 vox

386 2195 554 2275 Gerolbertt,
579 2203 651 2285 quia
676 2211 724 2266 est
750 2220 936 2285 cognomen.
962 2203 993 2266 S.
1018 2201 1054 2264 R.
1076 2200 1106 2265 G.
1133 2201 1151 2264 7
1177 2200 1248 2263 Dee.
1268 2199 1355 2264 leat
1378 2200 1411 2263 iu

382 2281 574 2433 plectarum.
599 2287 641 2353 cd
664 2291 694 2356 9.
720 2289 850 2355 Attecde
874 2291 968 2353 etiam
997 2309 1068 2373 pram
1088 2286 1339 2375 proemonur‘mus
1363 2285 1413 2350 die

425 2372 450 2435 Α
479 2374 555 2439 ritis.

425 2394 476 2526 IN
489 2463 585 2529 llissa
606 2465 659 2529 Ss,
675 2464 811 2530 Naboris
836 2474 868 2529 et
883 2465 999 2530 Felicis
1024 2464 1211 2549 Martyrum,
1228 2463 1255 2526 si
1280 2461 1410 2547 quidem

383 2548 563 2615 celebretur
586 2553 714 2628 alicubi,
738 2561 787 2618 est
803 2553 894 2618 Solus
918 2563 1033 2628 uatem,
1051 2550 1219 2615 Orationes
1242 2551 1391 2637 proprie.

350 2627 391 2697 11.
413 2673 458 2684 -
481 2638 574 2723 Apud
591 2659 648 2704 nes
673 2642 700 2705 si
724 2641 864 2726 aliquam
889 2640 929 2706 ob
952 2659 1082 2705 causam
1106 2639 1237 2703 Festum
1261 2639 1293 2703 S.
1311 2638 1412 2701 bona·

381 2733 523 2790 venturae
540 2728 652 2811 primis
668 2727 818 2813 Vesperis
835 2737 954 2803 eareat,
971 2728 1002 2792 id
1019 2727 1149 2813 pervide
1173 2726 1278 2811 quoad
1295 2725 1412 2812 Hymni

380 2816 663 2897 transpositionem
689 2817 774 2899 qnod
798 2817 1031 2881 declaravimus
1056 2816 1115 2879 sub
1141 2814 1191 2879 die
1215 2813 1236 2878 2
1260 2814 1376 2878 Martii.

347 2887 389 2962 17.
412 2937 457 2949 -
480 2900 516 2964 ln
539 2903 636 2968 llissa
659 2902 691 2967 S.
710 2904 810 2968 Alexii
835 2905 866 2968 in
892 2905 1034 2971 Ecclesia
1061 2902 1231 2967 universali
1254 2902 1275 2967 1
1300 2900 1410 2966 Oratio

379 2994 429 3052 est
453 2989 479 3052 A
504 2989 630 3065 cunctis,
655 2991 674 3054 3
699 2991 740 3054 ad
763 2991 901 3067 libitum,
925 2993 993 3056 sine
1020 2991 1128 3056 Credo.

340 3063 386 3138 11.
411 3111 457 3124 -
474 3076 531 3140 Ubi
545 3077 584 3141 de
601 3078 650 3142 Ss.
665 3077 882 3164 Symphorosa
897 3087 929 3143 et
941 3079 1029 3144 Niliis
1046 3079 1248 3163 persolvatur
1264 3075 1410 3141 Officium

377 3163 439 3227 sub
464 3164 528 3229 ritu
553 3164 672 3250 duplici
689 3167 738 3231 vel
755 3167 968 3252 semiduplici,
984 3167 1092 3231 Lectio
1110 3185 1180 3250 quae
1197 3165 1229 3229 iu
1245 3163 1408 3229 Breviario

376 3248 439 3314 hac
463 3251 514 3315 die
538 3254 715 3337 reperitur,
747 3255 927 3339 sejungitur
958 3255 997 3318 ad
1028 3253 1125 3316 verba
1148 3251 1176 3316 A
1199 3250 1313 3315 Fratre
1341 3250 1408 3333 ejus

375 3336 516 3424 Enyeuio
538 3341 707 3427 sepelitur,
740 3361 777 3406 ac
802 3342 884 3406 binae
908 3341 1142 3415 conficiuntur,
1171 3357 1242 3422 quae
1266 3334 1408 3400 secundo

374 3423 541 3493 Nocturno
567 3428 748 3493 deserviunt
767 3449 825 3514 pro
843 3430 946 3513 prima
964 3434 995 3492 et
1011 3425 1152 3491 secunda
1168 3424 1328 3496 Lectione,
1347 3429 1408 3486 ter-

377 3513 420 3578 tia
441 3535 517 3579 vero
542 3516 696 3581 sumenda
720 3527 769 3581 est
786 3537 803 3581 e
820 3515 988 3580 Communi
1012 3514 1115 3599 primo
1133 3513 1214 3576 loco.
1239 3510 1407 3575 Lectiones
1442 3542 1446 3549 ·

374 3620 475 3685 porro
502 3604 587 3668 tertii
610 3604 766 3668 Nocturni
790 3611 885 3668 erunt
915 3600 1088 3667 recitandae
1112 3608 1147 3665 nt
1178 3600 1210 3663 in
1235 3598 1330 3663 Nesto
1355 3595 1405 3660 Ss.

373 3687 508 3755 Joannis
532 3698 564 3755 et
588 3692 744 3756 Paulae
768 3690 872 3768 lunii,
896 3698 1046 3756 octavum
1068 3687 1098 3775 ry.
1123 3685 1200 3752 Hoec
1224 3693 1277 3752 est.
1308 3685 1405 3757 Missa

372 3779 507 3863 propria
532 3785 581 3843 est
605 3788 641 3844 ut
664 3779 694 3843 in
719 3779 837 3843 blissali
861 3779 923 3844 bac
947 3777 1008 3843 die.

328 3852 383 3929 20.
407 3901 454 3914 -
475 3865 499 3931 l.
524 3866 634 3931 Oratio
658 3865 691 3931 S.
716 3866 901 3954 Hieronymi
923 3863 1086 3930 AEmiliani
1110 3880 1174 3928 non
1202 3867 1252 3927 est
1276 3858 1405 3926 conclu-

374 3950 479 4018 denda
510 3955 548 4020 lc
578 3954 697 4020 unitate
720 3952 882 4041 cjarsdem,
914 3952 971 4019 sed
999 3950 1190 4036 slmpliciter
1219 3949 1257 4014 ln
1287 3948 1407 4016 unitate

372 4039 510 4127 Spiritus
543 4044 644 4108 eoacti
676 4050 738 4110 etc.
771 4043 803 4109 S.
833 4042 871 4111 R.
905 4040 937 4111 Ο.
968 4041 1011 4107 la
1045 4039 1122 4108 Noe.
1158 4037 1241 4106 luel
1278 4038 1312 4102 ie
1342 4053 1406 4102 nno

374 4129 554 4198 Marsorum
577 4131 620 4196 od
641 4129 696 4197 19.
