3484 4875
457 554 463 566 .
524 511 748 560 annorxnoxus
763 512 793 558 ru
809 512 899 559 rusae
917 510 1082 559 uovnnuurs
1251 488 1315 555 toa

357 617 411 686 lll.
435 619 495 687 Ubi
518 622 682 707 contingat
704 620 833 686 Missam
849 620 1005 687 celebrari
1022 618 1055 685 S.
1073 616 1236 685 Saturnini
1252 616 1335 683 blar-

312 708 406 796 tyris‚
430 709 500 796 ipsa
523 718 573 776 est
594 709 765 775 locontur
792 709 831 775 de
862 709 1028 775 Communi
1061 709 1153 773 unius
1185 706 1333 792 llartyris

310 817 375 862 nou
399 798 571 876 Pontificis,
588 819 659 864 cum
683 797 888 866 Orationibus
912 819 981 883 qnae
1005 799 1037 863 in
1061 797 1180 861 blissali
1201 794 1261 860 hac
1285 794 1336 859 die

311 884 441 951 adsunt.
465 887 512 951 llx
534 887 690 973 ejusmodi
714 906 810 972 porro
834 886 928 952 blissa
952 887 1089 952 sumitur
1110 883 1243 950 Secreta
1270 902 1328 967 pro

311 977 615 1041 commemoratione
639 974 671 1042 S.
696 974 870 1052 Saturnini,
888 978 915 1041 si
931 974 1012 1041 lorte
1029 972 1154 1040 accidat
1170 981 1205 1038 ut
1221 972 1333 1037 eadem

311 1061 363 1127 die
380 1062 514 1129 Sacrum
537 1064 592 1129 liat
615 1064 746 1129 alterius
770 1063 802 1128 S.
827 1064 975 1152 llartyris
1000 1063 1145 1129 habentis
1169 1061 1334 1127 Secretam

311 1171 351 1216 ex
374 1151 469 1217 blissa
492 1152 671 1218 Sacerdotes
694 1151 760 1217 Dei.
787 1152 898 1238 Confer
920 1175 946 1218 c.
971 1153 990 1218 6
1014 1175 1043 1217 n.
1069 1153 1120 1217 l5.

266 1239 320 1305 50.
345 1277 390 1287 -
413 1240 436 1305 Ι.
454 1239 585 1319 Quoties
601 1241 729 1306 Festum
747 1240 779 1306 S.
794 1241 928 1306 Andreae
942 1240 1087 1327 Apostoli
1104 1236 1215 1304 incidit
1231 1239 1261 1302 iu
1275 1237 1335 1302 Do·

311 1329 462 1394 miricam
481 1331 616 1414 primam
629 1330 800 1407 Adventus,
817 1330 902 1416 apud
918 1350 976 1395 uos
995 1326 1185 1395 transfertur
1197 1328 1230 1392 iu
1248 1326 1343 1391 diem·

310 1418 447 1502 primam
473 1418 657 1483 Decembris
681 1418 776 1483 veluti
800 1420 830 1482 in
857 1420 1029 1505 propriam.
1054 1416 1149 1482 Dnbr.
1171 1415 1275 1503 pecul.
1301 1412 1333 1485 n}

311 1505 386 1571 tut.
410 1506 501 1591 Apud
526 1507 606 1572 alios
629 1507 810 1593 hujusmodi
835 1508 1032 1593 privilegium
1063 1506 1192 1571 minime
1216 1503 1331 1589 prodi-

309 1601 373 1670 tos,
397 1594 564 1660 transferri
587 1596 667 1661 illud
691 1604 818 1681 oportet
833 1598 865 1661 in
883 1595 966 1662 diem
991 1594 1168 1681 proximam
1193 1614 1257 1658 nou
1275 1594 1334 1657 im·

309 1682 452 1770 peditam
474 1683 563 1771 juxta
588 1684 755 1750 Rubricas.
772 1685 803 1750 S.
822 1684 858 1749 lt.
879 1684 910 1750 C.
927 1685 969 1750 ‘tu
990 1685 1074 1771 Sept.
1100 1682 1184 1748 tuuc
1209 1682 1241 1746 in
1264 1681 1333 1746 Dri-

308 1771 395 1838 oien.
420 1772 462 1836 od
485 1772 537 1838 ll.
561 1771 638 1852 Quas
663 1773 730 1839 dies
753 1774 781 1839 si
804 1774 960 1859 usquead
978 1772 1052 1839 anui
1076 1772 1171 1837 linem
1195 1770 1332 1845 deficiat,

309 1861 388 1947 quid
405 1859 489 1927 lacto
507 1881 587 1947 opus
603 1863 655 1938 sit,
672 1862 912 1929 demonstratur
928 1884 955 1928 c.
972 1863 994 1927 A
1011 1883 1040 1926 n.
1061 1864 1078 1926 5
1096 1860 1163 1927 lll.‘'
1177 1860 1211 1924 ln
1229 1879 1337 1945 quam-

310 1969 448 2034 cumque
483 1970 579 2034 porro
615 1950 699 2015 diem
723 1951 853 2017 Festum
877 1950 909 2017 S.
940 1951 1076 2017 Andreae
1100 1947 1334 2025 transferatur,

308 2038 413 2126 ipsius
435 2037 550 2122 Vigilia
573 2058 701 2124 semper
724 2041 829 2123 agitur
851 2040 898 2104 uti
922 2059 1018 2126 supra
1042 2045 1206 2103 ostensum
1231 2045 1290 2101 est.
1332 2058 1334 2064 ’
1361 2090 1365 2100 Ι

356 2125 395 2192 ll.
420 2125 531 2206 Quoad
565 2127 827 2213 Martyrologlum
863 2136 896 2193 et
919 2127 1076 2213 Vesperas
1104 2124 1334 2191 Defunctorum

309 2214 422 2302 (apud
447 2236 505 2281 nos
520 2213 554 2302 ),
578 2216 706 2302 perlege
730 2216 815 2302 qnod
850 2233 1043 2303 exponemus
1066 2213 1126 2279 snb
1155 2214 1206 2278 die
1229 2214 1334 2299 prima

309 2304 498 2390 Decembris
522 2326 553 2370 n.
577 2304 616 2371 ll.
958 2324 966 2354 ¹

574 2717 575 2721 ,
675 2653 921 2725 ANNDTANDA

509 2838 539 2882 lli
561 2837 720 2883 botttrttcts
743 2837 780 2882 ΕΤ
802 2836 907 2882 rtttttrts
929 2834 1093 2880 bovbbtbttrs

335 3021 365 3085 l.
390 3019 426 3084 ln
450 3019 622 3085 Dominicis
656 3016 842 3084 Novembris
866 3016 981 3105 (juxta
1015 3023 1201 3103 computum
1225 3014 1335 3080 llcele-

267 3110 445 3185 siastioum‚
463 3108 547 3194 quod
561 3109 626 3194 jam
652 3106 883 3173 declaravimus
907 3127 937 3172 u.
957 3107 974 3171 5
993 3105 1032 3171 de
1048 3114 1193 3192 tempore
1216 3124 1235 3168 a
1258 3104 1337 3170 Pen-

268 3205 392 3264 tecoste
415 3197 455 3262 ad
478 3194 679 3283 Adventum)
702 3196 892 3283 Antiphonae
916 3215 987 3281 quan
1009 3193 1049 3260 ad
1072 3193 1252 3281 Mopnistcnt
1274 3191 1336 3279 (vel

267 3307 327 3373 pro
352 3286 505 3372 cujusque
522 3285 694 3351 Dominioae
711 3281 1025 3366 commemoratione)
1043 3281 1192 3348 dicuntur
1215 3281 1246 3346 in
1270 3282 1336 3367 pri-

267 3376 329 3440 mis
359 3375 530 3461 vesperis,
554 3372 749 3460 praecedenti
772 3371 911 3438 Sabbato
935 3373 966 3436 in
991 3376 1141 3457 promptu
1166 3376 1262 3441 sunt;
1295 3388 1332 3433 ac

268 3464 363 3530 lnitia
393 3471 555 3550 ponuntur
578 3462 621 3528 ibi
645 3462 809 3546 designata
833 3461 988 3525 librorum
1012 3478 1113 3524 sacra
1136 3457 1334 3542 Scripturm,

270 3573 409 3639 qnorum
425 3551 532 3618 Lectio
549 3571 606 3636 per
630 3551 772 3635 singulas
789 3568 900 3614 eorum
916 3546 1138 3613 Hebdomadas
1155 3545 1332 3631 producen-

268 3642 308 3709 da
332 3650 381 3708 est
407 3639 453 3729 (Ἴ.
479 3641 520 3706 At
542 3641 569 3704 si
592 3639 770 3706 November
796 3645 934 3723 quatuor
965 3635 1129 3702 dumtaxat
1153 3634 1334 3699 Dominicns

277 3891 279 3894 .
325 3921 361 4001 (*)
381 3894 477 3986 Mense
507 3923 677 3987 Novembris
709 3922 773 3983 ideo
796 3923 930 3998 leguntur
950 3918 1128 3991 Ezechielis,
1157 3915 1286 3982 Danielis
1307 3926 1337 3980 et

263 4003 421 4070 duodecim
445 4005 653 4084 Prophetarum
675 4001 761 4076 libri,
790 4004 857 4083 quia
879 4000 919 4063 ibi
941 4019 1028 4082 quam
1050 4001 1212 4080 saepissimo
1241 4017 1338 4063 sermo

263 4094 311 4152 cst
330 4084 370 4148 de
392 4084 504 4147 blessiae
524 4084 674 4160 Adventu,
703 4081 753 4165 qui
781 4082 914 4163 proximo
943 4081 1100 4146 Decembri
1128 4099 1240 4144 summa
1269 4098 1335 4144 eum
