3484 4875
360 494 426 560 ζ290
650 510 873 557 rosorarronrs
890 512 920 556 m
936 511 1026 557 rnsrt
1044 511 1112 557 narr

383 615 586 684 Ascensionis
609 623 770 695 occurrat,
785 615 937 681 Praefatio
961 616 1092 701 quidem
1116 624 1168 681 est
1186 614 1227 679 de
1243 615 1384 703 Apostolis,

381 705 439 771 sed
466 705 733 770 Cummuuioootes
756 705 796 769 de
818 705 1025 770 ascensione.

430 792 467 857 ii.
493 791 571 855 Cum
594 789 725 856 Festum
758 792 916 877 ejusmodi
942 791 1139 857 transfertur
1161 799 1239 877 post
1264 792 1385 857 Penteco-

381 888 464 956 sten,
488 878 633 944 Officium
656 880 813 965 accipitur
835 900 852 944 e
876 880 1044 945 Communi
1068 879 1297 964 Apostolorum
1317 888 1382 943 extra

382 977 510 1053 tempus
532 967 698 1043 Pascbaie,
722 969 863 1053 exceptis
888 968 937 1042 iis,
955 988 1026 1052 quae
1051 976 1136 1033 sunt‘
1153 969 1293 1053 propria.
1314 967 1383 1031 Missa

384 1057 502 1122 dicitur
525 1061 560 1119 ut
594 1056 626 1117 in
650 1054 744 1120 Festo
780 1058 883 1121 attero
919 1054 951 1120 S.
986 1056 1122 1121 ioannis
1146 1056 1191 1121 27
1224 1054 1379 1129 Decembris,

384 1152 504 1230 praeter
526 1142 695 1207 Orationes
712 1151 744 1207 et
760 1143 979 1228 Evangelium,
997 1164 1070 1229 quac
1086 1164 1126 1209 ex
1142 1144 1243 1209 blissa
1264 1142 1377 1208 hodiem

386 1239 568 1296 sumuntur.
595 1229 690 1294 Rubr.

342 1321 372 1386 7.
395 1355 440 1368 -
462 1318 486 1382 Ι.
512 1318 545 1383 Si
569 1315 714 1411 Officium
736 1313 771 1381 S.
791 1316 944 1382 Stanisiai
962 1323 1114 1381 occurrat
1134 1317 1167 1381 in
1184 1316 1333 1383 Dominico
1349 1316 1371 1379 ir·

387 1406 435 1471 ira
460 1405 612 1471 Octavam
649 1406 877 1481 ascensionis,
901 1407 1052 1490 quoniam
1088 1405 1195 1489 pridie
1230 1407 1370 1470 leot-unco

384 1494 515 1559 initium
552 1494 704 1578 Epistulae
740 1493 773 1556 B.
809 1492 942 1557 Joannis
978 1493 1201 1580 (ubicumque
1226 1493 1391 1558 celebratm'

385 1580 445 1647 tuit
469 1582 570 1667 ipsius
594 1580 753 1664 Festum),
777 1588 947 1665 propterea
972 1601 1011 1644 ne
1027 1580 1113 1666 icicm
1132 1580 1261 1645 Initium
1281 1580 1328 1644 bac
1362 1617 1365 1628 .
1390 1597 1395 1640 1

386 1670 530 1753 proxime
554 1669 699 1753 sequenti
723 1668 868 1743 iteretur,
886 1669 1073 1753 praecipitur
1090 1675 1126 1732 ut
1142 1668 1238 1733 hodie
1258 1669 1287 1732 in
1306 1665 1340 1752 pri
1350 1693 1358 1719 ιΞ
1386 1711 1392 1717 -

386 1755 550 1820 Nocturna
575 1757 752 1819 recitentur
774 1754 942 1820 Lectiones
965 1755 1066 1820 Feriae
1089 1756 1240 1821 secundae
1255 1756 1362 1838 insequ

387 1842 443 1906 tis
468 1842 564 1907 Rubr.
589 1843 620 1905 io
644 1843 734 1906 Oom.
756 1843 922 1929 prcediotu.
1391 1844 1395 1899 ἶ

430 1929 469 1993 ii.
487 1928 618 2007 Quoties
634 1929 763 1994 Festum
781 1930 813 1993 S.
831 1930 1075 2015 Stauisiaipost
1086 1929 1291 1995 Pentecosten
1304 1936 1367 1993 tuo

387 2018 507 2092 fertur,
531 2016 698 2081 Lectiones
723 2018 810 2081 tertii
832 2018 987 2083 Nocturni
1011 2024 1087 2081 sunt
1111 2016 1151 2082 de
1176 2017 1296 2082 bomilia
1314 2016 1357 2078 in

387 2104 570 2187 vangelium
605 2103 730 2188 Siquis
752 2105 833 2167 verrit
857 2105 897 2169 de
931 2105 1112 2170 Communi.
1148 2105 1243 2170 Missa
1270 2121 1328 2168 vero

387 2191 572 2258 Sacerdotes
597 2191 662 2266 Dei,
687 2210 760 2256 cum
785 2192 937 2257 Oratione
962 2192 1111 2277 propria,
1136 2200 1169 2257 et
1193 2191 1337 2275 Evangelio

392 2299 500 2365 supra.
528 2279 623 2343 Rubr.
647 2278 699 2343 ibi.
1392 2299 1395 2332 :

348 2366 493 2435 8.-1.
520 2366 552 2429 Si
588 2365 760 2452 aliquando
783 2365 914 2430 Festum
949 2366 1169 2453 apparitionis
1205 2366 1236 2431 S.
1259 2356 1360 2430 rima
1392 2374 1393 2378 ’

390 2455 584 2538 Archangeli
612 2454 761 2518 inciderit
783 2455 814 2518 in
840 2454 1061 2530 Dominio-am,
1084 2456 1135 2519 vri
1160 2455 1263 2529 diem,
1284 2473 1317 2538 qu
1355 2479 1357 2488 ¹
1392 2474 1393 2479 ¹

390 2563 463 2608 cum
479 2542 596 2607 habeat
613 2561 695 2606 nona
719 2540 827 2623 Lectio
852 2542 891 2606 oe
914 2541 1045 2606 bomilia
1062 2543 1119 2607 -vei
1143 2541 1230 2608 Festi
1253 2534 1359 2625 simp''
1393 2542 1395 2547 ’

390 2640 467 2696 tunc
484 2650 522 2694 ex
539 2629 621 2693 binis
637 2629 852 2702 Lectionibus,
870 2638 982 2694 octava
998 2631 1124 2694 scilicet
1140 2649 1178 2694 ac
1202 2650 1290 2703 nona,
1308 2622 1359 2692 nol

391 2718 621 2799 congruentius
645 2718 739 2781 unica
763 2715 930 2781 confletur.
968 2717 1081 2804 Confer
1104 2717 1189 2782 dieto
1213 2716 1309 2806 poulio
1336 2740 1346 2764 a

391 2806 424 2871 r'o
447 2805 529 2867 dicor
554 2805 572 2868 b
597 2827 626 2867 o.
651 2804 676 2868 1.
701 2805 741 2869 At
764 2805 792 2869 si
815 2804 896 2874 iilud
918 2806 1031 2890 reponi
1048 2825 1129 2891 opus
1153 2807 1197 2871 sit
1220 2803 1344 2892 postico

392 2899 513 2966 costen,
537 2890 681 2956 Ossioium
706 2899 738 2956 ot
761 2892 856 2956 biissa
881 2892 1029 2976 legentur
1052 2902 1087 2957 ut
1103 2894 1136 2957 in
1154 2893 1248 2960 Festo
1269 2891 1324 2977 ejus
1345 2894 1363 2935 ⁴*

394 2979 561 3044 dicationis
584 2979 626 3044 ib
651 2978 867 3066 Septembris,
892 2989 1011 3066 practer
1032 2980 1203 3046 Lectiones
1238 2973 1364 3046 secundi

394 3069 480 3132 tertii
504 3068 680 3220 Ιέοἷῑωῖιί,
704 3060 786 3157 qua?
799 3087 914 3154 nempe
938 3069 969 3139 iu
996 3067 1089 3134 Festo
1114 3069 1269 3135 hodierno
1298 3077 1362 3152 prat

394 3163 479 3219 sunt.
533 3157 660 3219 u.ii.

438 3243 476 3307 lt.
502 3243 533 3308 Si
559 3243 653 3307 bodie
677 3243 768 3307 Feria
792 3250 843 3307 cst
865 3243 1005 3308 secunda
1030 3251 1105 3328 post
1121 3238 1355 3309 Dominicamio

397 3329 549 3397 Octavam
584 3331 811 3405 AscensioniS,
847 3330 988 3415 itemque
1018 3333 1045 3394 si
1075 3332 1195 3396 alicubi
1229 3330 1365 3397 hodic

396 3419 510 3484 bratur
533 3417 677 3483 Officium
703 3417 764 3481 dici
787 3416 915 3482 Octavae
938 3418 988 3482 So.
1006 3417 1065 3504 Ap.
1090 3418 1230 3505 Philippi
1251 3426 1282 3484 et

396 3506 564 3571 Lectiones
589 3505 684 3590 primi
707 3505 861 3572 Nocturni
887 3505 929 3569 ibi
954 3526 971 3569 e
993 3505 1161 3590 praedicta
1185 3506 1275 3571 Seria
1294 3520 1353 3568 ou·v

397 3592 446 3658 dee
470 3602 562 3667 saint,
587 3593 733 3677 quamvis
756 3593 848 3657 lectze
871 3592 1021 3657 hesterna
1046 3593 1119 3656 die:
1143 3593 1177 3657 id
1201 3611 1293 3678 porro
1316 3617 1336 3643 ιν

399 3699 531 3745 necesse
555 3688 615 3755 est,
632 3699 672 3742 ne
697 3678 809 3744 diebus
834 3680 1089 3764 praecedentibus
1113 3687 1169 3745 ortt
1190 3682 1324 3765 insequeu
1339 3700 1347 3725 t

401 3768 476 3849 quid
501 3769 555 3832 flat
580 3787 617 3830 ex
642 3765 776 3831 arbitrio
800 3774 914 3832 contra
938 3776 1033 3853 atque
1057 3769 1090 3834 in
1107 3769 1267 3834 Bret'iario
1287 3779 1354 3857 pro'

402 3855 498 3919 elesia
525 3855 697 3919 universali
722 3855 946 3940 praescriptum
970 3864 1029 3920 est.
1336 3927 1341 3945 ⁸
1394 3866 1395 3873 ’

358 3941 389 4010 O.
413 3979 458 3991 —
479 3942 539 4006 Ubi
555 3943 685 4007 Festum
702 3940 734 4006 S.
753 3941 898 4026 Gregorii
915 3942 1103 4011 Nazianzeni
1120 3943 1241 4010 incidat
1254 3935 1313 4007 int
1391 3971 1393 3974 >

311 4028 315 4035 “
402 4029 455 4101 ubi
483 4029 650 4100 Lectiones
678 4029 718 4095 de
745 4029 913 4117 Scriptura
941 4030 1068 4108 desint,
1097 4031 1162 4098 ille
1190 4028 1346 4126 accipienti?
1385 4043 1393 4096 t

1341 1577 1359 1641 az
