3484 4875
644 597 863 714 CAPUT
907 597 1020 710 Vll.

536 865 587 910 DE
622 866 825 913 urricus
860 865 1121 911 nuntutrtts

359 1300 387 1363 l.
413 1229 630 1365 Ollioimnm
654 1297 875 1363 addititiorum
899 1300 1026 1364 nomino
1058 1300 1250 1384 intelligitur
1274 1302 1366 1387 quid-

328 1386 369 1451 rid
391 1386 503 1451 Divino
528 1385 638 1452 Oltioio
663 1406 892 1471 nonnunquam
916 1385 990 1452 addi
1014 1408 1094 1473 opus
1119 1397 1178 1465 est,
1201 1410 1257 1456 sau
1282 1393 1368 1456 ultra

328 1475 423 1541 ditum
455 1474 559 1540 tttnoii
582 1473 685 1539 llivini
717 1494 853 1559 pansum
886 1496 923 1540 ox
947 1474 1161 1542 Rubriunmm
1194 1480 1367 1556 mandato,

328 1562 346 1626 il
367 1565 428 1628 alia
452 1561 492 1627 da
516 1582 613 1627 cansa
635 1563 766 1629 recitari
790 1563 895 1628 debat.
923 1562 1026 1628 Coool.
1053 1574 1092 1628 to.
1117 1565 1137 1630 2
1163 1587 1186 1630 c.
1212 1566 1265 1631 to.
1303 1566 1367 1633 Hu-

328 1651 430 1715 smodi
454 1658 563 1715 autom
587 1657 661 1716 sunt
684 1648 831 1717 Ollloium
856 1671 990 1735 parvum
1013 1651 1046 1715 Β.
1073 1653 1112 1716 lll.
1140 1653 1289 1737 Virginis,
1315 1654 1367 1720 01-

328 1739 399 1803 oium
415 1738 657 1814 Delnnotorum,
680 1739 800 1804 Psalmi
824 1738 999 1804 Gradualos
1018 1748 1049 1803 at
1065 1740 1306 1807 l‘oenitontialos
1331 1763 1367 1808 no

330 1825 426 1891 itaniao
450 1826 656 1892 Sanctorum.

523 2008 587 2073 Do
609 2008 762 2073 Offlolo
783 2028 920 2091 parvo
942 2008 991 2072 Β.
1013 2009 1070 2073 Μ.
1091 2009 1142 2073 V.

328 2112 367 2161 ax
377 2098 668 2165 Rauracorum
688 2101 940 2183 proesoripto
955 2099 1023 2163 vol
1047 2101 1136 2165 alla
1152 2100 1205 2165 do
1226 2120 1360 2166 nausa

609 2193 656 2259 in
675 2192 817 2257 (thoro
838 2192 1062 2258 renitando

368 2371 395 2434 1.
418 2368 566 2436 Officium
589 2389 723 2456 parvum
746 2368 781 2433 B.
799 2369 837 2435 Μ.
856 2370 892 2435 V.
910 2369 1111 2435 recitandum
1136 2377 1186 2435 ost
1208 2371 1240 2434 in
1265 2369 1368 2435 Chora

328 2476 349 2519 n
372 2459 581 2525 llubrioarnm
616 2459 828 2544 proscripto,
861 2461 987 2543 quoties
1023 2458 1169 2522 Olfioium
1204 2460 1370 2544 peragitur

329 2545 397 2611 rium
418 2548 629 2622 Lectionum,
660 2548 801 2631 exceptis
825 2546 995 2630 Porrigilio
1019 2547 1200 2611 Natiuitatis
1224 2546 1372 2622 Domini,

328 2634 412 2718 najnri
434 2633 665 2709 Hebdomada,
698 2641 766 2699 tota
790 2632 910 2699 Octava
934 2634 1065 2699 Pasohao
1089 2642 1121 2699 ot
1144 2634 1372 2712 Pantauostos,

328 2735 443 2787 noanon
475 2723 589 2787 diebus
614 2722 729 2808 quibus
761 2721 796 2786 ou
820 2721 969 2787 Oltioium
994 2722 1032 2786 da
1065 2720 1097 2786 S.
1132 2722 1252 2795 llaria·‚
1285 2722 1374 2788 hisco

328 2809 416 2894 uuippa
432 2811 546 2875 diebus
563 2811 722 2875 omittitur
739 2830 757 2874 a
773 2811 887 2895 primis
903 2810 1065 2896 Vesperis,
1081 2811 1114 2874 in
1130 2810 1246 2895 Vigilia
1268 2819 1377 2888 autom

328 2889 478 2964 latinitatis
504 2918 522 2963 a
546 2898 711 2963 Matutino.
734 2897 854 2962 Verum
887 2899 941 2963 ubi
974 2898 1171 2963 oonsuotudo
1197 2901 1281 2982 rigat
1312 2899 1373 2963 hoo

328 2995 433 3060 parvum
449 2985 598 3053 Oltioium
611 2988 643 3051 in
657 2986 761 3051 Chora
773 2985 977 3071 persolvendi
991 2988 1022 3051 in
1036 2986 1210 3052 llominiois
1228 2996 1259 3050 et
1271 2986 1375 3052 Fastis

328 3073 575 3160 semiduplioibus,
600 3095 636 3140 ao
661 3076 758 3139 etiam
782 3075 814 3137 in
839 3073 1020 3159 duplicibus
1045 3095 1103 3159 par
1133 3095 1274 3149 annum,
1310 3096 1375 3141 sor·

328 3160 405 3227 tanda
427 3172 487 3238 ost,
512 3161 642 3247 dempta
666 3163 786 3228 Octava
808 3161 975 3226 Paschatis
1002 3171 1033 3226 at
1049 3164 1266 3226 Pentecostos.
1285 3162 1316 3227 S.
1334 3163 1371 3227 R.

329 3239 352 3304 0·
372 3249 384 3398 ἓ
406 3252 488 3338 Sept.
516 3250 600 3315 1607
625 3252 657 3314 iu
684 3251 808 3314 Troiun.
834 3259 863 3314 et
887 3251 928 3314 25
953 3251 1033 3336 Aaou.
1061 3250 1144 3314 1818
1170 3252 1287 3313 inuno
1320 3250 1375 3314 Hi-

329 3347 421 3413 tporn.
447 3338 489 3402 od
513 3339 543 3403 9.
856 3341 858 3344 ’

377 3425 401 3489 5.
425 3427 459 3491 ln
484 3427 540 3490 illo
564 3425 777 3510 persolvendo
801 3425 887 3490 idam
912 3426 993 3490 ritus
1016 3425 1124 3489 looum
1148 3423 1245 3487 habat
1277 3444 1313 3488 ao
1344 3424 1374 3489 in

328 3495 416 3577 ttttcu
440 3513 554 3579 loriali.
571 3513 662 3593 Quod
680 3515 720 3579 ad
737 3514 895 3598 vesperas
915 3515 1030 3578 attinet
1047 3519 1079 3576 at
1095 3511 1284 3576 Matutinum
1303 3530 1378 3576 oum

328 3583 463 3668 lantibus
487 3608 719 3687 proponuntur
744 3599 854 3666 Ollioio
885 3601 969 3676 dini,
1001 3601 1095 3665 Hora
1126 3620 1201 3664 voro
1234 3601 1375 3665 minores

328 3692 563 3774 oostponuntur,
599 3689 661 3753 hoo
696 3689 813 3753 modo:
850 3690 942 3754 Dicto
966 3688 1063 3753 Pater
1086 3698 1118 3754 et
1140 3689 1204 3752 Aoo
1228 3687 1379 3753 dicuntur

328 3758 454 3865 Vtsprrae
478 3777 580 3843 Olfioii
604 3779 695 3862 parvi
718 3796 821 3860 usquo
838 3777 878 3842 ad
900 3776 1125 3842 Baoedioomus
1148 3776 1280 3840 Domino
1293 3799 1303 3849 ;
1329 3774 1379 3840 de-

329 3867 387 3926 ltno
407 3867 551 3932 absoluta
576 3865 664 3952 (hoo
688 3873 738 3928 ost
761 3866 990 3949 praetarmissis
1023 3865 1119 3929 Pater
1150 3871 1182 3928 ot
1205 3862 1294 3947 Aoo)
1330 3864 1377 3928 in·

328 3937 463 4044 {whoantur
486 3953 640 4040 Vasporaa·
661 3951 763 4019 utoni
781 3952 852 4017 diei.
872 3951 1027 4017 Similiter
1044 3953 1129 4018 dioto
1146 3951 1251 4026 Pater,
1269 3952 1332 4016 Aoo
1349 3960 1380 4015 et

328 4038 408 4104 ‘redo
430 4043 586 4109 recitatur
609 4040 800 4108 Matutinum
824 4060 898 4107 oum
921 4039 1083 4106 Laudibus
1107 4041 1139 4103 B.
1167 4040 1205 4104 ll.
1222 4039 1257 4103 V.
1277 4057 1378 4124 usquo
