<?xml version="1.0" encoding="UTF-8"?>
<!DOCTYPE html PUBLIC "-//W3C//DTD XHTML 1.0 Transitional//EN"
    "http://www.w3.org/TR/xhtml1/DTD/xhtml1-transitional.dtd">
<html xmlns="http://www.w3.org/1999/xhtml" xml:lang="en" lang="en">
 <head>
  <title>
</title>
<meta http-equiv="Content-Type" content="text/html;charset=utf-8" />
  <meta name='ocr-system' content='tesseract 3.04.00' />
  <meta name='ocr-capabilities' content='ocr_page ocr_carea ocr_par ocr_line ocrx_word'/>
</head>
<body>
  <div class='ocr_page' id='page_1' title='image "./kalendariumperp00carpgoog_0151.png"; bbox 0 0 3484 4875; ppageno 0'>
   <div class='ocr_carea' id='block_1_1' title="bbox 660 606 939 681">
    <p class='ocr_par' dir='ltr' id='par_1_1' title="bbox 660 606 939 681">
     <span class='ocr_line' id='line_1_1' title="bbox 660 606 939 681; baseline 0 -1"><span class='ocrx_word' id='word_1_1' title='bbox 660 606 939 681; x_wconf 70' lang='lat' dir='ltr'>uubanus</span> 
     </span>
    </p>
   </div>
   <div class='ocr_carea' id='block_1_2' title="bbox 481 849 1116 896">
    <p class='ocr_par' dir='ltr' id='par_1_2' title="bbox 481 849 1116 896">
     <span class='ocr_line' id='line_1_2' title="bbox 481 849 1116 896; baseline 0.003 -3"><span class='ocrx_word' id='word_1_2' title='bbox 481 849 566 894; x_wconf 79' lang='lat' dir='ltr'>claun</span> <span class='ocrx_word' id='word_1_3' title='bbox 591 849 800 896; x_wconf 79' lang='lat' dir='ltr'>llbbllllllblllllbl</span> <span class='ocrx_word' id='word_1_4' title='bbox 823 849 967 895; x_wconf 81' lang='lat' dir='ltr'>llOllbllUll</span> <span class='ocrx_word' id='word_1_5' title='bbox 989 850 1025 895; x_wconf 75' lang='lat' dir='ltr'>bl</span> <span class='ocrx_word' id='word_1_6' title='bbox 1049 849 1116 895; x_wconf 77' lang='lat' dir='ltr'>Ale</span> 
     </span>
    </p>
   </div>
   <div class='ocr_carea' id='block_1_3' title="bbox 318 1142 1368 2905">
    <p class='ocr_par' dir='ltr' id='par_1_3' title="bbox 318 1142 1368 2905">
     <span class='ocr_line' id='line_1_3' title="bbox 318 1142 1333 1233; baseline 0.007 -25"><span class='ocrx_word' id='word_1_7' title='bbox 318 1143 348 1209; x_wconf 93' lang='lat' dir='ltr'>l.</span> <span class='ocrx_word' id='word_1_8' title='bbox 376 1142 607 1211; x_wconf 85' lang='lat' dir='ltr'>Kalendarium</span> <span class='ocrx_word' id='word_1_9' title='bbox 640 1144 818 1213; x_wconf 83' lang='lat' dir='ltr'>Romanum</span> <span class='ocrx_word' id='word_1_10' title='bbox 851 1153 901 1212; x_wconf 88' lang='lat' dir='ltr'>est</span> <span class='ocrx_word' id='word_1_11' title='bbox 933 1146 1124 1213; x_wconf 87' lang='lat' dir='ltr'>universale.</span> <span class='ocrx_word' id='word_1_12' title='bbox 1158 1145 1333 1233; x_wconf 86' lang='lat' dir='ltr'>Propl&#39;erea</span> 
     </span>
     <span class='ocr_line' id='line_1_4' title="bbox 330 1230 1335 1320; baseline 0.005 -23"><span class='ocrx_word' id='word_1_13' title='bbox 330 1232 381 1297; x_wconf 88' lang='lat' dir='ltr'>uti</span> <span class='ocrx_word' id='word_1_14' title='bbox 406 1230 523 1300; x_wconf 82' lang='lat' dir='ltr'>debent</span> <span class='ocrx_word' id='word_1_15' title='bbox 548 1253 670 1311; x_wconf 89' lang='lat' dir='ltr'>omnes,</span> <span class='ocrx_word' id='word_1_16' title='bbox 695 1236 749 1320; x_wconf 90' lang='lat' dir='ltr'>qui</span> <span class='ocrx_word' id='word_1_17' title='bbox 772 1235 814 1302; x_wconf 87' lang='lat' dir='ltr'>ad</span> <span class='ocrx_word' id='word_1_18' title='bbox 837 1234 941 1300; x_wconf 81' lang='lat' dir='ltr'>Horas</span> <span class='ocrx_word' id='word_1_19' title='bbox 965 1233 1142 1301; x_wconf 82' lang='lat' dir='ltr'>Canonicas</span> <span class='ocrx_word' id='word_1_20' title='bbox 1167 1242 1335 1311; x_wconf 67' lang='lat' dir='ltr'>tenentum</span> 
     </span>
     <span class='ocr_line' id='line_1_5' title="bbox 318 1320 1338 1408; baseline 0.005 -23"><span class='ocrx_word' id='word_1_21' title='bbox 318 1321 372 1386; x_wconf 89' lang='lat' dir='ltr'>itis</span> <span class='ocrx_word' id='word_1_22' title='bbox 397 1327 506 1386; x_wconf 90' lang='lat' dir='ltr'>tamen</span> <span class='ocrx_word' id='word_1_23' title='bbox 530 1320 660 1397; x_wconf 85' lang='lat' dir='ltr'>Officiis,</span> <span class='ocrx_word' id='word_1_24' title='bbox 685 1343 756 1408; x_wconf 81' lang='lat' dir='ltr'>quae</span> <span class='ocrx_word' id='word_1_25' title='bbox 779 1324 809 1389; x_wconf 83' lang='lat' dir='ltr'>ui</span> <span class='ocrx_word' id='word_1_26' title='bbox 833 1322 1049 1389; x_wconf 83' lang='lat' dir='ltr'>Rubricarum</span> <span class='ocrx_word' id='word_1_27' title='bbox 1073 1341 1109 1389; x_wconf 87' lang='lat' dir='ltr'>ac</span> <span class='ocrx_word' id='word_1_28' title='bbox 1126 1322 1338 1390; x_wconf 86' lang='lat' dir='ltr'>llecretorum</span> 
     </span>
     <span class='ocr_line' id='line_1_6' title="bbox 318 1408 1336 1498; baseline 0.004 -24"><span class='ocrx_word' id='word_1_29' title='bbox 318 1409 456 1474; x_wconf 85' lang='lat' dir='ltr'>aralium</span> <span class='ocrx_word' id='word_1_30' title='bbox 480 1410 511 1474; x_wconf 94' lang='lat' dir='ltr'>in</span> <span class='ocrx_word' id='word_1_31' title='bbox 536 1429 726 1498; x_wconf 87' lang='lat' dir='ltr'>unaquaque</span> <span class='ocrx_word' id='word_1_32' title='bbox 750 1409 904 1486; x_wconf 79' lang='lat' dir='ltr'>Ecclesia,</span> <span class='ocrx_word' id='word_1_33' title='bbox 928 1409 1075 1486; x_wconf 83' lang='lat' dir='ltr'>llioeoasl,</span> <span class='ocrx_word' id='word_1_34' title='bbox 1092 1418 1124 1476; x_wconf 84' lang='lat' dir='ltr'>et</span> <span class='ocrx_word' id='word_1_35' title='bbox 1140 1408 1260 1477; x_wconf 75' lang='lat' dir='ltr'>Ordine</span> <span class='ocrx_word' id='word_1_36' title='bbox 1276 1411 1336 1478; x_wconf 87' lang='lat' dir='ltr'>Re·</span> 
     </span>
     <span class='ocr_line' id='line_1_7' title="bbox 318 1496 1336 1585; baseline 0.004 -24"><span class='ocrx_word' id='word_1_37' title='bbox 318 1498 362 1561; x_wconf 80' lang='lat' dir='ltr'>uri</span> <span class='ocrx_word' id='word_1_38' title='bbox 386 1506 463 1562; x_wconf 87' lang='lat' dir='ltr'>sunt</span> <span class='ocrx_word' id='word_1_39' title='bbox 487 1497 696 1573; x_wconf 88' lang='lat' dir='ltr'>celebranda,</span> <span class='ocrx_word' id='word_1_40' title='bbox 721 1499 770 1564; x_wconf 86' lang='lat' dir='ltr'>vel</span> <span class='ocrx_word' id='word_1_41' title='bbox 795 1499 824 1563; x_wconf 90' lang='lat' dir='ltr'>vi</span> <span class='ocrx_word' id='word_1_42' title='bbox 856 1496 1045 1585; x_wconf 81' lang='lat' dir='ltr'>specialium</span> <span class='ocrx_word' id='word_1_43' title='bbox 1077 1497 1279 1564; x_wconf 85' lang='lat' dir='ltr'>indultorum</span> <span class='ocrx_word' id='word_1_44' title='bbox 1303 1498 1336 1565; x_wconf 87' lang='lat' dir='ltr'>S.</span> 
     </span>
     <span class='ocr_line' id='line_1_8' title="bbox 318 1584 1336 1654; baseline 0.004 -5"><span class='ocrx_word' id='word_1_45' title='bbox 318 1584 354 1650; x_wconf 83' lang='lat' dir='ltr'>C.</span> <span class='ocrx_word' id='word_1_46' title='bbox 381 1605 536 1651; x_wconf 89' lang='lat' dir='ltr'>concessa</span> <span class='ocrx_word' id='word_1_47' title='bbox 559 1593 644 1651; x_wconf 75' lang='lat' dir='ltr'>stunt.</span> <span class='ocrx_word' id='word_1_48' title='bbox 670 1586 715 1651; x_wconf 86' lang='lat' dir='ltr'>llx</span> <span class='ocrx_word' id='word_1_49' title='bbox 739 1585 828 1652; x_wconf 91' lang='lat' dir='ltr'>hisee</span> <span class='ocrx_word' id='word_1_50' title='bbox 851 1584 970 1652; x_wconf 85' lang='lat' dir='ltr'>Officiis</span> <span class='ocrx_word' id='word_1_51' title='bbox 994 1584 1204 1652; x_wconf 90' lang='lat' dir='ltr'>ellormantur</span> <span class='ocrx_word' id='word_1_52' title='bbox 1220 1586 1336 1654; x_wconf 83' lang='lat' dir='ltr'>llaleu·</span> 
     </span>
     <span class='ocr_line' id='line_1_9' title="bbox 318 1671 1336 1758; baseline 0.005 -22"><span class='ocrx_word' id='word_1_53' title='bbox 318 1671 347 1737; x_wconf 91' lang='lat' dir='ltr'>ia</span> <span class='ocrx_word' id='word_1_54' title='bbox 366 1673 575 1758; x_wconf 86' lang='lat' dir='ltr'>particularia</span> <span class='ocrx_word' id='word_1_55' title='bbox 591 1673 820 1751; x_wconf 79' lang='lat' dir='ltr'>Ecclesiarum,</span> <span class='ocrx_word' id='word_1_56' title='bbox 838 1673 1030 1740; x_wconf 86' lang='lat' dir='ltr'>lliueoesium</span> <span class='ocrx_word' id='word_1_57' title='bbox 1048 1694 1085 1739; x_wconf 88' lang='lat' dir='ltr'>ac</span> <span class='ocrx_word' id='word_1_58' title='bbox 1102 1672 1259 1740; x_wconf 89' lang='lat' dir='ltr'>Ordinum</span> <span class='ocrx_word' id='word_1_59' title='bbox 1276 1674 1336 1742; x_wconf 85' lang='lat' dir='ltr'>lle·</span> 
     </span>
     <span class='ocr_line' id='line_1_10' title="bbox 318 1760 1337 1847; baseline 0.005 -23"><span class='ocrx_word' id='word_1_60' title='bbox 318 1760 441 1835; x_wconf 84' lang='lat' dir='ltr'>arium;</span> <span class='ocrx_word' id='word_1_61' title='bbox 466 1781 536 1847; x_wconf 81' lang='lat' dir='ltr'>quae</span> <span class='ocrx_word' id='word_1_62' title='bbox 560 1762 695 1847; x_wconf 82' lang='lat' dir='ltr'>proinde</span> <span class='ocrx_word' id='word_1_63' title='bbox 719 1760 751 1828; x_wconf 92' lang='lat' dir='ltr'>in</span> <span class='ocrx_word' id='word_1_64' title='bbox 775 1783 812 1829; x_wconf 92' lang='lat' dir='ltr'>eo</span> <span class='ocrx_word' id='word_1_65' title='bbox 832 1768 955 1827; x_wconf 86' lang='lat' dir='ltr'>tanturn</span> <span class='ocrx_word' id='word_1_66' title='bbox 974 1760 1125 1828; x_wconf 87' lang='lat' dir='ltr'>dillerunt</span> <span class='ocrx_word' id='word_1_67' title='bbox 1146 1761 1337 1839; x_wconf 82' lang='lat' dir='ltr'>aliomano,</span> 
     </span>
     <span class='ocr_line' id='line_1_11' title="bbox 321 1847 1336 1936; baseline 0.004 -23"><span class='ocrx_word' id='word_1_68' title='bbox 321 1847 342 1913; x_wconf 91' lang='lat' dir='ltr'>d</span> <span class='ocrx_word' id='word_1_69' title='bbox 367 1849 520 1914; x_wconf 91' lang='lat' dir='ltr'>nimirum</span> <span class='ocrx_word' id='word_1_70' title='bbox 538 1850 672 1931; x_wconf 83' lang='lat' dir='ltr'>retentis</span> <span class='ocrx_word' id='word_1_71' title='bbox 689 1849 782 1917; x_wconf 88' lang='lat' dir='ltr'>istius</span> <span class='ocrx_word' id='word_1_72' title='bbox 800 1849 930 1925; x_wconf 80' lang='lat' dir='ltr'>Officiis,</span> <span class='ocrx_word' id='word_1_73' title='bbox 948 1869 1018 1936; x_wconf 88' lang='lat' dir='ltr'>quae</span> <span class='ocrx_word' id='word_1_74' title='bbox 1036 1850 1184 1916; x_wconf 91' lang='lat' dir='ltr'>omnibus</span> <span class='ocrx_word' id='word_1_75' title='bbox 1200 1870 1238 1917; x_wconf 90' lang='lat' dir='ltr'>ex</span> <span class='ocrx_word' id='word_1_76' title='bbox 1254 1870 1336 1935; x_wconf 90' lang='lat' dir='ltr'>prae·</span> 
     </span>
     <span class='ocr_line' id='line_1_12' title="bbox 318 1937 1336 2024; baseline 0.004 -24"><span class='ocrx_word' id='word_1_77' title='bbox 318 1944 347 2000; x_wconf 89' lang='lat' dir='ltr'>to</span> <span class='ocrx_word' id='word_1_78' title='bbox 374 1944 450 2001; x_wconf 84' lang='lat' dir='ltr'>sum</span> <span class='ocrx_word' id='word_1_79' title='bbox 473 1939 672 2013; x_wconf 91' lang='lat' dir='ltr'>communia,</span> <span class='ocrx_word' id='word_1_80' title='bbox 697 1938 760 2004; x_wconf 90' lang='lat' dir='ltr'>alia</span> <span class='ocrx_word' id='word_1_81' title='bbox 784 1937 1078 2024; x_wconf 86' lang='lat' dir='ltr'>comprehendunt,</span> <span class='ocrx_word' id='word_1_82' title='bbox 1103 1958 1174 2023; x_wconf 86' lang='lat' dir='ltr'>quae</span> <span class='ocrx_word' id='word_1_83' title='bbox 1198 1938 1336 2024; x_wconf 90' lang='lat' dir='ltr'>peculia·</span> 
     </span>
     <span class='ocr_line' id='line_1_13' title="bbox 318 2024 1334 2109; baseline 0.004 -21"><span class='ocrx_word' id='word_1_84' title='bbox 318 2043 333 2087; x_wconf 95' lang='lat' dir='ltr'>r</span> <span class='ocrx_word' id='word_1_85' title='bbox 350 2026 510 2109; x_wconf 85' lang='lat' dir='ltr'>pertinent</span> <span class='ocrx_word' id='word_1_86' title='bbox 529 2024 569 2090; x_wconf 84' lang='lat' dir='ltr'>ad</span> <span class='ocrx_word' id='word_1_87' title='bbox 586 2024 757 2102; x_wconf 63' lang='lat' dir='ltr'>Ecclesiae</span> <span class='ocrx_word' id='word_1_88' title='bbox 772 2025 932 2091; x_wconf 84' lang='lat' dir='ltr'>Dioeeeses</span> <span class='ocrx_word' id='word_1_89' title='bbox 947 2045 983 2091; x_wconf 89' lang='lat' dir='ltr'>ac</span> <span class='ocrx_word' id='word_1_90' title='bbox 997 2024 1159 2109; x_wconf 79' lang='lat' dir='ltr'>Religiosa</span> <span class='ocrx_word' id='word_1_91' title='bbox 1171 2025 1334 2101; x_wconf 83' lang='lat' dir='ltr'>Instituta,</span> 
     </span>
     <span class='ocr_line' id='line_1_14' title="bbox 319 2111 1334 2191; baseline 0.004 -15"><span class='ocrx_word' id='word_1_92' title='bbox 319 2111 525 2179; x_wconf 88' lang='lat' dir='ltr'>madmodum</span> <span class='ocrx_word' id='word_1_93' title='bbox 541 2121 616 2180; x_wconf 86' lang='lat' dir='ltr'>sunt</span> <span class='ocrx_word' id='word_1_94' title='bbox 632 2111 742 2179; x_wconf 84' lang='lat' dir='ltr'>Officia</span> <span class='ocrx_word' id='word_1_95' title='bbox 758 2112 986 2190; x_wconf 84' lang='lat' dir='ltr'>Dedicationis‚</span> <span class='ocrx_word' id='word_1_96' title='bbox 1004 2111 1172 2189; x_wconf 83' lang='lat' dir='ltr'>Titularis,</span> <span class='ocrx_word' id='word_1_97' title='bbox 1190 2112 1334 2191; x_wconf 82' lang='lat' dir='ltr'>Patroni,</span> 
     </span>
     <span class='ocr_line' id='line_1_15' title="bbox 318 2199 1336 2285; baseline 0.003 -22"><span class='ocrx_word' id='word_1_98' title='bbox 318 2207 423 2265; x_wconf 86' lang='lat' dir='ltr'>celera</span> <span class='ocrx_word' id='word_1_99' title='bbox 448 2220 518 2285; x_wconf 83' lang='lat' dir='ltr'>quaa</span> <span class='ocrx_word' id='word_1_100' title='bbox 542 2199 625 2266; x_wconf 86' lang='lat' dir='ltr'>lorle</span> <span class='ocrx_word' id='word_1_101' title='bbox 645 2201 751 2267; x_wconf 92' lang='lat' dir='ltr'>locum</span> <span class='ocrx_word' id='word_1_102' title='bbox 769 2201 889 2267; x_wconf 88' lang='lat' dir='ltr'>habent</span> <span class='ocrx_word' id='word_1_103' title='bbox 906 2201 954 2266; x_wconf 86' lang='lat' dir='ltr'>vel</span> <span class='ocrx_word' id='word_1_104' title='bbox 972 2199 1096 2266; x_wconf 91' lang='lat' dir='ltr'>ratione</span> <span class='ocrx_word' id='word_1_105' title='bbox 1114 2199 1336 2285; x_wconf 86' lang='lat' dir='ltr'>Reliquiarum</span> 
     </span>
     <span class='ocr_line' id='line_1_16' title="bbox 320 2287 1334 2374; baseline 0.001 -23"><span class='ocrx_word' id='word_1_106' title='bbox 320 2287 445 2370; x_wconf 83' lang='lat' dir='ltr'>guium,</span> <span class='ocrx_word' id='word_1_107' title='bbox 470 2289 520 2354; x_wconf 86' lang='lat' dir='ltr'>vol</span> <span class='ocrx_word' id='word_1_108' title='bbox 544 2309 583 2355; x_wconf 86' lang='lat' dir='ltr'>ex</span> <span class='ocrx_word' id='word_1_109' title='bbox 607 2291 814 2370; x_wconf 85' lang='lat' dir='ltr'>concessione</span> <span class='ocrx_word' id='word_1_110' title='bbox 838 2288 1046 2374; x_wconf 82' lang='lat' dir='ltr'>Apostoliea;</span> <span class='ocrx_word' id='word_1_111' title='bbox 1072 2306 1206 2373; x_wconf 87' lang='lat' dir='ltr'>quaeque</span> <span class='ocrx_word' id='word_1_112' title='bbox 1231 2287 1270 2353; x_wconf 92' lang='lat' dir='ltr'>ab</span> <span class='ocrx_word' id='word_1_113' title='bbox 1294 2288 1334 2353; x_wconf 88' lang='lat' dir='ltr'>iis</span> 
     </span>
     <span class='ocr_line' id='line_1_17' title="bbox 318 2375 1368 2465; baseline 0.002 -25"><span class='ocrx_word' id='word_1_114' title='bbox 318 2382 421 2442; x_wconf 83' lang='lat' dir='ltr'>ntaxat</span> <span class='ocrx_word' id='word_1_115' title='bbox 445 2378 575 2443; x_wconf 88' lang='lat' dir='ltr'>recitari</span> <span class='ocrx_word' id='word_1_116' title='bbox 599 2385 735 2465; x_wconf 86' lang='lat' dir='ltr'>possunt</span> <span class='ocrx_word' id='word_1_117' title='bbox 758 2386 791 2444; x_wconf 92' lang='lat' dir='ltr'>et</span> <span class='ocrx_word' id='word_1_118' title='bbox 815 2376 943 2453; x_wconf 84' lang='lat' dir='ltr'>debent,</span> <span class='ocrx_word' id='word_1_119' title='bbox 967 2375 1082 2461; x_wconf 91' lang='lat' dir='ltr'>quibus</span> <span class='ocrx_word' id='word_1_120' title='bbox 1106 2382 1268 2462; x_wconf 86' lang='lat' dir='ltr'>praecepta</span> <span class='ocrx_word' id='word_1_121' title='bbox 1286 2375 1337 2442; x_wconf 81' lang='lat' dir='ltr'>vel</span> <span class='ocrx_word' id='word_1_122' title='bbox 1362 2376 1368 2382; x_wconf 83' lang='grc'><em>“</em></span> 
     </span>
     <span class='ocr_line' id='line_1_18' title="bbox 318 2463 1335 2551; baseline -0.001 -22"><span class='ocrx_word' id='word_1_123' title='bbox 318 2465 378 2530; x_wconf 90' lang='lat' dir='ltr'>ulta</span> <span class='ocrx_word' id='word_1_124' title='bbox 403 2474 488 2531; x_wconf 89' lang='lat' dir='ltr'>sunt.</span> <span class='ocrx_word' id='word_1_125' title='bbox 506 2466 672 2532; x_wconf 89' lang='lat' dir='ltr'>Sedenim</span> <span class='ocrx_word' id='word_1_126' title='bbox 689 2465 865 2549; x_wconf 81' lang='lat' dir='ltr'>Regulares</span> <span class='ocrx_word' id='word_1_127' title='bbox 885 2465 1173 2551; x_wconf 67' lang='lat' dir='ltr'>utrimquesecus,</span> <span class='ocrx_word' id='word_1_128' title='bbox 1191 2463 1246 2550; x_wconf 91' lang='lat' dir='ltr'>qui</span> <span class='ocrx_word' id='word_1_129' title='bbox 1263 2483 1335 2550; x_wconf 91' lang='lat' dir='ltr'>pro-</span> 
     </span>
     <span class='ocr_line' id='line_1_19' title="bbox 318 2551 1335 2639; baseline 0 -22"><span class='ocrx_word' id='word_1_130' title='bbox 318 2571 360 2618; x_wconf 83' lang='lat' dir='ltr'>rm</span> <span class='ocrx_word' id='word_1_131' title='bbox 383 2553 616 2620; x_wconf 85' lang='lat' dir='ltr'>Kalendarium</span> <span class='ocrx_word' id='word_1_132' title='bbox 640 2575 658 2620; x_wconf 95' lang='lat' dir='ltr'>a</span> <span class='ocrx_word' id='word_1_133' title='bbox 681 2552 713 2619; x_wconf 87' lang='lat' dir='ltr'>S.</span> <span class='ocrx_word' id='word_1_134' title='bbox 739 2554 822 2637; x_wconf 88' lang='lat' dir='ltr'>Sede</span> <span class='ocrx_word' id='word_1_135' title='bbox 847 2552 1060 2639; x_wconf 89' lang='lat' dir='ltr'>approbatum</span> <span class='ocrx_word' id='word_1_136' title='bbox 1093 2552 1226 2617; x_wconf 91' lang='lat' dir='ltr'>minime</span> <span class='ocrx_word' id='word_1_137' title='bbox 1253 2551 1335 2617; x_wconf 88' lang='lat' dir='ltr'>obti-</span> 
     </span>
     <span class='ocr_line' id='line_1_20' title="bbox 318 2637 1336 2728; baseline 0.002 -25"><span class='ocrx_word' id='word_1_138' title='bbox 318 2648 342 2715; x_wconf 85' lang='lat' dir='ltr'>t,</span> <span class='ocrx_word' id='word_1_139' title='bbox 366 2662 447 2728; x_wconf 94' lang='lat' dir='ltr'>opus</span> <span class='ocrx_word' id='word_1_140' title='bbox 472 2650 521 2708; x_wconf 92' lang='lat' dir='ltr'>est</span> <span class='ocrx_word' id='word_1_141' title='bbox 544 2650 580 2709; x_wconf 86' lang='lat' dir='ltr'>ul</span> <span class='ocrx_word' id='word_1_142' title='bbox 602 2641 796 2708; x_wconf 87' lang='lat' dir='ltr'>llalendario</span> <span class='ocrx_word' id='word_1_143' title='bbox 820 2640 1007 2706; x_wconf 84' lang='lat' dir='ltr'>llioeoesano</span> <span class='ocrx_word' id='word_1_144' title='bbox 1033 2647 1176 2715; x_wconf 85' lang='lat' dir='ltr'>utantur,</span> <span class='ocrx_word' id='word_1_145' title='bbox 1190 2637 1336 2725; x_wconf 27' lang='lat' dir='ltr'>&#39;adjectis</span> 
     </span>
     <span class='ocr_line' id='line_1_21' title="bbox 321 2726 1336 2816; baseline 0 -24"><span class='ocrx_word' id='word_1_146' title='bbox 321 2729 373 2793; x_wconf 90' lang='lat' dir='ltr'>ciis</span> <span class='ocrx_word' id='word_1_147' title='bbox 405 2731 574 2816; x_wconf 79' lang='lat' dir='ltr'>speciatim</span> <span class='ocrx_word' id='word_1_148' title='bbox 606 2731 769 2797; x_wconf 84' lang='lat' dir='ltr'>concessis</span> <span class='ocrx_word' id='word_1_149' title='bbox 802 2729 1015 2814; x_wconf 80' lang='lat' dir='ltr'>Regularibus</span> <span class='ocrx_word' id='word_1_150' title='bbox 1048 2729 1082 2795; x_wconf 90' lang='lat' dir='ltr'>in</span> <span class='ocrx_word' id='word_1_151' title='bbox 1113 2728 1169 2794; x_wconf 92' lang='lat' dir='ltr'>illa</span> <span class='ocrx_word' id='word_1_152' title='bbox 1199 2726 1336 2793; x_wconf 85' lang='lat' dir='ltr'>llioecesi</span> 
     </span>
     <span class='ocr_line' id='line_1_22' title="bbox 318 2815 1334 2905; baseline 0.001 -24"><span class='ocrx_word' id='word_1_153' title='bbox 318 2819 550 2894; x_wconf 79' lang='lat' dir='ltr'>nmorantibus;</span> <span class='ocrx_word' id='word_1_154' title='bbox 573 2838 685 2886; x_wconf 86' lang='lat' dir='ltr'>verum</span> <span class='ocrx_word' id='word_1_155' title='bbox 708 2820 742 2884; x_wconf 94' lang='lat' dir='ltr'>in</span> <span class='ocrx_word' id='word_1_156' title='bbox 758 2818 820 2884; x_wconf 91' lang='lat' dir='ltr'>hoc</span> <span class='ocrx_word' id='word_1_157' title='bbox 843 2837 971 2905; x_wconf 86' lang='lat' dir='ltr'>quoque</span> <span class='ocrx_word' id='word_1_158' title='bbox 994 2837 1072 2885; x_wconf 87' lang='lat' dir='ltr'>casu</span> <span class='ocrx_word' id='word_1_159' title='bbox 1095 2815 1262 2883; x_wconf 91' lang='lat' dir='ltr'>celebrare</span> <span class='ocrx_word' id='word_1_160' title='bbox 1279 2833 1334 2882; x_wconf 89' lang='lat' dir='ltr'>ue·</span> 
     </span>
    </p>
   </div>
   <div class='ocr_carea' id='block_1_4' title="bbox 318 2903 1457 2982">
    <p class='ocr_par' dir='ltr' id='par_1_4' title="bbox 318 2903 1457 2982">
     <span class='ocr_line' id='line_1_23' title="bbox 318 2903 1457 2982; baseline 0 -12"><span class='ocrx_word' id='word_1_161' title='bbox 318 2914 375 2971; x_wconf 88' lang='lat' dir='ltr'>unt</span> <span class='ocrx_word' id='word_1_162' title='bbox 389 2906 485 2973; x_wconf 83' lang='lat' dir='ltr'>Festa</span> <span class='ocrx_word' id='word_1_163' title='bbox 510 2907 640 2974; x_wconf 92' lang='lat' dir='ltr'>Patroni</span> <span class='ocrx_word' id='word_1_164' title='bbox 657 2907 743 2982; x_wconf 85' lang='lat' dir='ltr'>buci,</span> <span class='ocrx_word' id='word_1_165' title='bbox 760 2906 913 2972; x_wconf 84' lang='lat' dir='ltr'>Titularis</span> <span class='ocrx_word' id='word_1_166' title='bbox 937 2915 970 2972; x_wconf 88' lang='lat' dir='ltr'>et</span> <span class='ocrx_word' id='word_1_167' title='bbox 989 2905 1208 2972; x_wconf 85' lang='lat' dir='ltr'>Dedicatinnis</span> <span class='ocrx_word' id='word_1_168' title='bbox 1225 2903 1335 2970; x_wconf 81' lang='lat' dir='ltr'>Eccle·</span> <span class='ocrx_word' id='word_1_169' title='bbox 1454 2946 1457 2951; x_wconf 65' lang='grc'><strong><em>«</em></strong></span> 
     </span>
    </p>
   </div>
   <div class='ocr_carea' id='block_1_5' title="bbox 318 2991 1337 3945">
    <p class='ocr_par' dir='ltr' id='par_1_5' title="bbox 318 2991 1337 3413">
     <span class='ocr_line' id='line_1_24' title="bbox 335 2991 1337 3062; baseline -0.003 -4"><span class='ocrx_word' id='word_1_170' title='bbox 335 2992 537 3061; x_wconf 85' lang='lat' dir='ltr'>Catbedralis</span> <span class='ocrx_word' id='word_1_171' title='bbox 561 3016 635 3062; x_wconf 90' lang='lat' dir='ltr'>eum</span> <span class='ocrx_word' id='word_1_172' title='bbox 658 2993 787 3061; x_wconf 82' lang='lat' dir='ltr'>Octava.</span> <span class='ocrx_word' id='word_1_173' title='bbox 812 2995 844 3059; x_wconf 87' lang='lat' dir='ltr'>S.</span> <span class='ocrx_word' id='word_1_174' title='bbox 869 2993 906 3060; x_wconf 82' lang='lat' dir='ltr'>ll.</span> <span class='ocrx_word' id='word_1_175' title='bbox 934 2993 965 3061; x_wconf 82' lang='lat' dir='ltr'>C.</span> <span class='ocrx_word' id='word_1_176' title='bbox 999 2994 1041 3059; x_wconf 72' lang='lat'>27</span> <span class='ocrx_word' id='word_1_177' title='bbox 1073 2995 1113 3060; x_wconf 88' lang='lat' dir='ltr'>Sc</span> <span class='ocrx_word' id='word_1_178' title='bbox 1138 3003 1157 3058; x_wconf 89' lang='lat' dir='ltr'>t.</span> <span class='ocrx_word' id='word_1_179' title='bbox 1193 2991 1278 3057; x_wconf 79' lang='lat' dir='ltr'>lull</span> <span class='ocrx_word' id='word_1_180' title='bbox 1304 2992 1337 3056; x_wconf 80' lang='lat' dir='ltr'>in</span> 
     </span>
     <span class='ocr_line' id='line_1_25' title="bbox 318 3015 1335 3171; baseline 0.003 -30"><span class='ocrx_word' id='word_1_181' title='bbox 318 3098 323 3141; x_wconf 81' lang='lat' dir='ltr'>r</span> <span class='ocrx_word' id='word_1_182' title='bbox 345 3082 459 3148; x_wconf 78' lang='lat' dir='ltr'>nullius</span> <span class='ocrx_word' id='word_1_183' title='bbox 485 3082 659 3149; x_wconf 76' lang='lat' dir='ltr'>Provinciae</span> <span class='ocrx_word' id='word_1_184' title='bbox 685 3081 943 3171; x_wconf 85' lang='lat' dir='ltr'>Compostellooce</span> <span class='ocrx_word' id='word_1_185' title='bbox 963 3081 1005 3147; x_wconf 80' lang='lat' dir='ltr'>od</span> <span class='ocrx_word' id='word_1_186' title='bbox 1025 3082 1038 3147; x_wconf 91' lang='lat' dir='ltr'>l</span> <span class='ocrx_word' id='word_1_187' title='bbox 1061 3090 1090 3146; x_wconf 89' lang='lat' dir='ltr'>ct</span> <span class='ocrx_word' id='word_1_188' title='bbox 1106 3015 1149 3146; x_wconf 46' lang='lat'>{²2</span> <span class='ocrx_word' id='word_1_189' title='bbox 1166 3079 1229 3145; x_wconf 80' lang='lat' dir='ltr'>Jut.</span> <span class='ocrx_word' id='word_1_190' title='bbox 1249 3078 1335 3145; x_wconf 71' lang='lat'>1848</span> 
     </span>
     <span class='ocr_line' id='line_1_26' title="bbox 318 3167 1335 3258; baseline 0.001 -28"><span class='ocrx_word' id='word_1_191' title='bbox 318 3188 369 3234; x_wconf 83' lang='lat' dir='ltr'>urm</span> <span class='ocrx_word' id='word_1_192' title='bbox 394 3171 524 3237; x_wconf 69' lang='lat' dir='ltr'>Dubios.</span> <span class='ocrx_word' id='word_1_193' title='bbox 549 3172 591 3236; x_wconf 80' lang='lat' dir='ltr'>cd</span> <span class='ocrx_word' id='word_1_194' title='bbox 615 3173 628 3236; x_wconf 96' lang='lat' dir='ltr'>l</span> <span class='ocrx_word' id='word_1_195' title='bbox 658 3181 686 3236; x_wconf 90' lang='lat' dir='ltr'>et</span> <span class='ocrx_word' id='word_1_196' title='bbox 709 3171 740 3236; x_wconf 69' lang='lat'>2.</span> <span class='ocrx_word' id='word_1_197' title='bbox 772 3169 847 3234; x_wconf 77' lang='lat' dir='ltr'>vute</span> <span class='ocrx_word' id='word_1_198' title='bbox 870 3170 966 3234; x_wconf 80' lang='lat' dir='ltr'>etium</span> <span class='ocrx_word' id='word_1_199' title='bbox 989 3191 1086 3258; x_wconf 84' lang='lat' dir='ltr'>supra</span> <span class='ocrx_word' id='word_1_200' title='bbox 1111 3190 1135 3232; x_wconf 91' lang='lat' dir='ltr'>c.</span> <span class='ocrx_word' id='word_1_201' title='bbox 1161 3167 1181 3232; x_wconf 70' lang='lat'><strong>2</strong></span> <span class='ocrx_word' id='word_1_202' title='bbox 1206 3189 1235 3230; x_wconf 86' lang='lat' dir='ltr'>n.</span> <span class='ocrx_word' id='word_1_203' title='bbox 1262 3167 1281 3232; x_wconf 88' lang='grc'><strong>6</strong></span> <span class='ocrx_word' id='word_1_204' title='bbox 1306 3175 1335 3231; x_wconf 93' lang='lat' dir='ltr'>ct</span> 
     </span>
     <span class='ocr_line' id='line_1_27' title="bbox 318 3253 1335 3340; baseline -0.012 -10"><span class='ocrx_word' id='word_1_205' title='bbox 318 3275 348 3340; x_wconf 57' lang='lat' dir='ltr'>la</span> <span class='ocrx_word' id='word_1_206' title='bbox 371 3279 396 3337; x_wconf 68' lang='lat' dir='ltr'>u.</span> <span class='ocrx_word' id='word_1_207' title='bbox 423 3257 441 3324; x_wconf 78' lang='grc'>9</span> <span class='ocrx_word' id='word_1_208' title='bbox 467 3269 496 3324; x_wconf 88' lang='lat' dir='ltr'>et</span> <span class='ocrx_word' id='word_1_209' title='bbox 519 3259 734 3325; x_wconf 73' lang='lat' dir='ltr'>notcrtdousub</span> <span class='ocrx_word' id='word_1_210' title='bbox 758 3253 808 3322; x_wconf 78' lang='lat' dir='ltr'>ute</span> <span class='ocrx_word' id='word_1_211' title='bbox 836 3257 874 3323; x_wconf 82' lang='lat'>15</span> <span class='ocrx_word' id='word_1_212' title='bbox 898 3255 992 3321; x_wconf 85' lang='lat' dir='ltr'>Mort.</span> <span class='ocrx_word' id='word_1_213' title='bbox 1025 3279 1055 3321; x_wconf 86' lang='lat' dir='ltr'>n.</span> <span class='ocrx_word' id='word_1_214' title='bbox 1087 3255 1139 3320; x_wconf 90' lang='lat' dir='ltr'>lll</span> <span class='ocrx_word' id='word_1_215' title='bbox 1167 3264 1196 3319; x_wconf 91' lang='lat' dir='ltr'>et</span> <span class='ocrx_word' id='word_1_216' title='bbox 1227 3253 1276 3319; x_wconf 88' lang='lat' dir='ltr'>lV</span> <span class='ocrx_word' id='word_1_217' title='bbox 1298 3275 1335 3319; x_wconf 83' lang='lat' dir='ltr'>cc</span> 
     </span>
     <span class='ocr_line' id='line_1_28' title="bbox 318 3343 795 3413; baseline 0.01 -9"><span class='ocrx_word' id='word_1_218' title='bbox 318 3343 433 3410; x_wconf 75' lang='lat' dir='ltr'>adellini</span> <span class='ocrx_word' id='word_1_219' title='bbox 454 3347 510 3412; x_wconf 86' lang='lat' dir='ltr'>sub</span> <span class='ocrx_word' id='word_1_220' title='bbox 534 3370 563 3412; x_wconf 84' lang='lat' dir='ltr'>o.</span> <span class='ocrx_word' id='word_1_221' title='bbox 588 3347 676 3413; x_wconf 74' lang='lat' dir='ltr'>latu</span> <span class='ocrx_word' id='word_1_222' title='bbox 700 3346 742 3410; x_wconf 80' lang='lat' dir='ltr'>ccl</span> <span class='ocrx_word' id='word_1_223' title='bbox 766 3347 795 3410; x_wconf 93' lang='lat' dir='ltr'>l.</span> 
     </span>
    </p>

    <p class='ocr_par' dir='ltr' id='par_1_6' title="bbox 318 3427 1335 3945">
     <span class='ocr_line' id='line_1_29' title="bbox 327 3427 1334 3514; baseline -0.003 -19"><span class='ocrx_word' id='word_1_224' title='bbox 327 3430 354 3496; x_wconf 77' lang='lat' dir='ltr'>l.</span> <span class='ocrx_word' id='word_1_225' title='bbox 366 3433 516 3499; x_wconf 70' lang='lat' dir='ltr'>Facilitas</span> <span class='ocrx_word' id='word_1_226' title='bbox 534 3436 650 3500; x_wconf 89' lang='lat' dir='ltr'>iterum</span> <span class='ocrx_word' id='word_1_227' title='bbox 669 3432 875 3499; x_wconf 84' lang='lat' dir='ltr'>construendi</span> <span class='ocrx_word' id='word_1_228' title='bbox 889 3451 946 3497; x_wconf 89' lang='lat' dir='ltr'>scu</span> <span class='ocrx_word' id='word_1_229' title='bbox 960 3427 1152 3496; x_wconf 84' lang='lat' dir='ltr'>reformandi</span> <span class='ocrx_word' id='word_1_230' title='bbox 1168 3427 1334 3514; x_wconf 87' lang='lat' dir='ltr'>proprium</span> 
     </span>
     <span class='ocr_line' id='line_1_30' title="bbox 318 3513 1334 3609; baseline -0.001 -29"><span class='ocrx_word' id='word_1_231' title='bbox 318 3518 493 3597; x_wconf 88' lang='lat' dir='ltr'>lendarium,</span> <span class='ocrx_word' id='word_1_232' title='bbox 518 3523 685 3609; x_wconf 85' lang='lat' dir='ltr'>llpiscopis</span> <span class='ocrx_word' id='word_1_233' title='bbox 709 3542 772 3586; x_wconf 92' lang='lat' dir='ltr'>non</span> <span class='ocrx_word' id='word_1_234' title='bbox 789 3520 945 3606; x_wconf 85' lang='lat' dir='ltr'>competit</span> <span class='ocrx_word' id='word_1_235' title='bbox 963 3518 1035 3606; x_wconf 86' lang='lat' dir='ltr'>jure</span> <span class='ocrx_word' id='word_1_236' title='bbox 1052 3516 1225 3583; x_wconf 84' lang='lat' dir='ltr'>ordinario.</span> <span class='ocrx_word' id='word_1_237' title='bbox 1251 3513 1334 3594; x_wconf 84' lang='lat' dir='ltr'>Qua-</span> 
     </span>
     <span class='ocr_line' id='line_1_31' title="bbox 318 3603 1334 3695; baseline -0.004 -23"><span class='ocrx_word' id='word_1_238' title='bbox 318 3614 386 3689; x_wconf 75' lang='lat' dir='ltr'>»pter</span> <span class='ocrx_word' id='word_1_239' title='bbox 409 3612 435 3676; x_wconf 94' lang='lat' dir='ltr'>si</span> <span class='ocrx_word' id='word_1_240' title='bbox 461 3611 676 3676; x_wconf 86' lang='lat' dir='ltr'>neeessariam</span> <span class='ocrx_word' id='word_1_241' title='bbox 694 3611 743 3675; x_wconf 88' lang='lat' dir='ltr'>vel</span> <span class='ocrx_word' id='word_1_242' title='bbox 767 3617 982 3695; x_wconf 75' lang='lat' dir='ltr'>opportunam</span> <span class='ocrx_word' id='word_1_243' title='bbox 998 3604 1258 3673; x_wconf 73' lang='lat' dir='ltr'>reformationem</span> <span class='ocrx_word' id='word_1_244' title='bbox 1277 3603 1334 3669; x_wconf 81' lang='lat' dir='ltr'>dra-</span> 
     </span>
     <span class='ocr_line' id='line_1_32' title="bbox 318 3691 1333 3781; baseline -0.004 -22"><span class='ocrx_word' id='word_1_245' title='bbox 318 3692 371 3772; x_wconf 87' lang='lat' dir='ltr'>·int,</span> <span class='ocrx_word' id='word_1_246' title='bbox 394 3697 580 3764; x_wconf 90' lang='lat' dir='ltr'>llalendarii</span> <span class='ocrx_word' id='word_1_247' title='bbox 605 3697 803 3764; x_wconf 77' lang='lat' dir='ltr'>reformandi</span> <span class='ocrx_word' id='word_1_248' title='bbox 827 3696 992 3781; x_wconf 89' lang='lat' dir='ltr'>exemplar</span> <span class='ocrx_word' id='word_1_249' title='bbox 1015 3693 1152 3760; x_wconf 81' lang='lat' dir='ltr'>examini</span> <span class='ocrx_word' id='word_1_250' title='bbox 1181 3691 1213 3758; x_wconf 90' lang='lat' dir='ltr'>S.</span> <span class='ocrx_word' id='word_1_251' title='bbox 1238 3691 1274 3758; x_wconf 86' lang='lat' dir='ltr'>R.</span> <span class='ocrx_word' id='word_1_252' title='bbox 1301 3691 1333 3756; x_wconf 83' lang='lat' dir='ltr'>(l.</span> 
     </span>
     <span class='ocr_line' id='line_1_33' title="bbox 318 3779 1334 3874; baseline -0.003 -28"><span class='ocrx_word' id='word_1_253' title='bbox 318 3785 577 3870; x_wconf 75' lang='lat' dir='ltr'>[subjiciendum.</span> <span class='ocrx_word' id='word_1_254' title='bbox 595 3787 625 3851; x_wconf 90' lang='lat' dir='ltr'>S.</span> <span class='ocrx_word' id='word_1_255' title='bbox 642 3787 676 3851; x_wconf 84' lang='lat' dir='ltr'>ll.</span> <span class='ocrx_word' id='word_1_256' title='bbox 694 3786 726 3852; x_wconf 82' lang='lat' dir='ltr'>C.</span> <span class='ocrx_word' id='word_1_257' title='bbox 739 3786 782 3852; x_wconf 74' lang='lat' dir='ltr'>uu</span> <span class='ocrx_word' id='word_1_258' title='bbox 801 3786 887 3874; x_wconf 85' lang='lat' dir='ltr'>Sept.</span> <span class='ocrx_word' id='word_1_259' title='bbox 902 3784 987 3850; x_wconf 74' lang='lat' dir='ltr'>lituu</span> <span class='ocrx_word' id='word_1_260' title='bbox 1005 3783 1036 3849; x_wconf 83' lang='lat' dir='ltr'>in</span> <span class='ocrx_word' id='word_1_261' title='bbox 1055 3780 1226 3848; x_wconf 78' lang='lat' dir='ltr'>Corduben.</span> <span class='ocrx_word' id='word_1_262' title='bbox 1245 3779 1286 3845; x_wconf 82' lang='lat' dir='ltr'>cd</span> <span class='ocrx_word' id='word_1_263' title='bbox 1303 3779 1334 3844; x_wconf 87' lang='grc'>6.</span> 
     </span>
     <span class='ocr_line' id='line_1_34' title="bbox 332 3867 1335 3945; baseline -0.008 -7"><span class='ocrx_word' id='word_1_264' title='bbox 332 3867 357 3935; x_wconf 75' lang='grc'>5.</span> <span class='ocrx_word' id='word_1_265' title='bbox 379 3872 410 3939; x_wconf 94' lang='lat' dir='ltr'>ln</span> <span class='ocrx_word' id='word_1_266' title='bbox 437 3875 567 3940; x_wconf 83' lang='lat' dir='ltr'>casibus</span> <span class='ocrx_word' id='word_1_267' title='bbox 592 3874 698 3940; x_wconf 89' lang='lat' dir='ltr'>dubiis</span> <span class='ocrx_word' id='word_1_268' title='bbox 721 3873 916 3939; x_wconf 78' lang='lat' dir='ltr'>llalentlario</span> <span class='ocrx_word' id='word_1_269' title='bbox 941 3869 1169 3938; x_wconf 76' lang='lat' dir='ltr'>adhaerendum</span> <span class='ocrx_word' id='word_1_270' title='bbox 1194 3874 1253 3945; x_wconf 89' lang='lat' dir='ltr'>est,</span> <span class='ocrx_word' id='word_1_271' title='bbox 1270 3868 1335 3933; x_wconf 87' lang='lat' dir='ltr'>sive</span> 
     </span>
    </p>
   </div>
   <div class='ocr_carea' id='block_1_6' title="bbox 318 3956 1453 4137">
    <p class='ocr_par' dir='ltr' id='par_1_7' title="bbox 318 3956 1453 4137">
     <span class='ocr_line' id='line_1_35' title="bbox 318 3956 1337 4049; baseline -0.001 -28"><span class='ocrx_word' id='word_1_272' title='bbox 318 3956 522 4028; x_wconf 70' lang='lat' dir='ltr'>calumniam</span> <span class='ocrx_word' id='word_1_273' title='bbox 547 3963 713 4049; x_wconf 89' lang='lat' dir='ltr'>publicum</span> <span class='ocrx_word' id='word_1_274' title='bbox 737 3969 768 4027; x_wconf 83' lang='lat' dir='ltr'>et</span> <span class='ocrx_word' id='word_1_275' title='bbox 792 3961 964 4048; x_wconf 86' lang='lat' dir='ltr'>privatum,</span> <span class='ocrx_word' id='word_1_276' title='bbox 982 3960 1047 4026; x_wconf 82' lang='lat' dir='ltr'>siue</span> <span class='ocrx_word' id='word_1_277' title='bbox 1071 3957 1176 4044; x_wconf 87' lang='lat' dir='ltr'>quoad</span> <span class='ocrx_word' id='word_1_278' title='bbox 1206 3956 1337 4022; x_wconf 84' lang='lat' dir='ltr'>Missam</span> 
     </span>
     <span class='ocr_line' id='line_1_36' title="bbox 332 4042 1453 4137; baseline -0.004 -25"><span class='ocrx_word' id='word_1_279' title='bbox 332 4051 455 4118; x_wconf 80' lang='lat' dir='ltr'>vestium</span> <span class='ocrx_word' id='word_1_280' title='bbox 479 4051 638 4128; x_wconf 88' lang='lat' dir='ltr'>colorem;</span> <span class='ocrx_word' id='word_1_281' title='bbox 664 4050 788 4118; x_wconf 86' lang='lat' dir='ltr'>etiamsi</span> <span class='ocrx_word' id='word_1_282' title='bbox 806 4047 997 4137; x_wconf 85' lang='lat' dir='ltr'>quibusdam</span> <span class='ocrx_word' id='word_1_283' title='bbox 1015 4045 1213 4135; x_wconf 83' lang='lat' dir='ltr'>probabilior</span> <span class='ocrx_word' id='word_1_284' title='bbox 1230 4042 1334 4110; x_wconf 60' lang='lat' dir='ltr'>tribea»</span> <span class='ocrx_word' id='word_1_285' title='bbox 1444 4062 1453 4079; x_wconf 65' lang='lat'>=</span> 
     </span>
    </p>
   </div>
   <div class='ocr_carea' id='block_1_7' title="bbox 0 0 1746 4875">
    <p class='ocr_par' dir='ltr' id='par_1_8' title="bbox 0 0 1746 4875">
     <span class='ocr_line' id='line_1_37' title="bbox 0 0 1746 4875; baseline 0 0"><span class='ocrx_word' id='word_1_286' title='bbox 0 0 1746 4875; x_wconf 95' lang='lat' dir='ltr'> </span> 
     </span>
    </p>
   </div>
  </div>
 </body>
</html>
