3484 4875
613 501 838 547 aanornaronas
855 502 885 547 m
901 502 992 548 rasra
1009 504 1075 549 arna
1299 485 1363 553 287

347 607 460 681 muni;
484 608 571 673 tertii
594 609 734 694 propria>
757 628 795 674 ex
817 608 935 685 Festo;
953 610 1029 677 item
1046 608 1236 696 Antiphone
1254 610 1294 676 ad
1310 610 1382 677 Ma·

345 696 473 783 pacificat
496 704 529 761 et
551 696 745 773 Benedictus,
769 696 811 760 ad
834 697 1007 783 Vesperas,
1035 698 1160 763 Laudes
1184 706 1216 763 et
1240 718 1298 784 per
1322 698 1384 765 Ha·

348 803 404 848 ras
428 793 599 849 sumentur
622 804 660 849 ex
683 784 801 859 Festo,
837 786 911 869 quia
936 805 1050 871 nempe
1075 786 1107 851 S.
1132 786 1279 871 Philippa
1311 794 1387 853 sunt

346 872 510 956 propriam
535 873 660 956 reliqua
684 874 914 958 persolvuntur
947 873 985 938 de
1019 874 1189 938 Communi
1212 876 1385 959 Apostolo-

347 979 433 1033 rum,
457 961 584 1025 ratione
607 961 716 1025 hahita
742 962 896 1049 temporis¹
914 960 1080 1027 Paschalis
1098 963 1148 1026 vol
1165 982 1228 1027 non
1246 962 1384 1028 Pascha·

347 1046 401 1111 lis.
425 1046 522 1111 Missa
546 1050 677 1133 propria
701 1049 860 1113 retinetur
884 1069 957 1113 eum
976 1047 1183 1114 Orationibus
1201 1051 1232 1115 in
1250 1069 1387 1116 numera

347 1136 517 1218 singulari.
542 1136 577 1200 ln
602 1136 713 1201 afficio
748 1145 855 1202 autem
880 1136 912 1201 S.
938 1137 1051 1202 Jacohi
1087 1136 1253 1202 Lectiones
1289 1138 1387 1224 primi

347 1222 507 1287 Nocturni
531 1227 581 1290 vel
605 1232 758 1310 petuntur
782 1244 820 1289 cx
844 1224 938 1289 luitio
955 1226 1057 1310 ipsius
1075 1224 1237 1311 Epistola,
1254 1228 1305 1291 rel
1322 1226 1386 1291 illm

352 1318 430 1375 sunt
454 1332 525 1395 quae
549 1314 581 1376 in
606 1312 718 1377 eadem
742 1312 886 1398 Epistola
911 1320 1108 1389 occurrunt,
1129 1312 1219 1397 juxta
1245 1314 1329 1378 dieta
1352 1314 1386 1379 ia

348 1398 546 1464 Kalendario
570 1420 608 1465 ac
632 1401 780 1484 saperius
805 1421 834 1464 a.
853 1400 904 1473 ll;
929 1401 1061 1467 secundi
1079 1400 1149 1466 dum
1165 1403 1290 1486 priores
1308 1421 1381 1487 pro·

350 1487 443 1571 pria,
467 1488 633 1552 alteratio
657 1488 825 1570 Communi
849 1488 1100 1574 Apostolorum;
1128 1490 1213 1554 tertii
1232 1488 1309 1553 Fece
1331 1510 1386 1554 aas

353 1574 394 1639 de
418 1575 532 1639 eodem
561 1576 750 1649 Gommuai3
775 1596 793 1641 e
816 1596 880 1660 quo
909 1577 987 1640 item
1019 1578 1142 1661 reliqua
1175 1578 1385 1663 accipiuntur.

349 1661 450 1726 ltlissa
474 1664 613 1729 sumitur
637 1684 674 1728 ex
699 1664 794 1729 Festa
819 1664 851 1729 S.
876 1664 1042 1729 alarona
1068 1665 1196 1750 Aprilis
1219 1685 1291 1730 cum
1310 1663 1387 1731 Ora·

350 1750 495 1816 tionibus
519 1752 648 1836 quidem
672 1752 825 1839 (numero
849 1752 1008 1835 singulari
1033 1751 1245 1839 usurpandis)
1264 1761 1386 1819 etcum

350 1838 497 1924 Epistola
523 1860 560 1904 ex
585 1840 720 1905 llissal
755 1840 851 1925 llaji,
887 1860 960 1905 cam
996 1840 1167 1925 Evangelio
1203 1851 1312 1907 autem
1349 1861 1387 1906 ex

350 1926 449 1991 llissa
472 1929 576 1992 votiva
600 1928 650 1993 Ss.
675 1928 734 2013 Ap.
759 1928 847 1993 Petri
871 1936 904 1993 et
926 1927 1027 1993 Pauli.
1057 1929 1155 1994 Extra
1178 1935 1305 2014 tempus
1330 1928 1387 1995 Pa·

351 2014 464 2079 sehale
488 2017 596 2080 Missa·
607 2016 676 2081 haec
699 2017 804 2081 votiva
829 2016 958 2099 legitur,
982 2019 1123 2102 exceptis
1149 2018 1287 2102 propriis
1312 2015 1388 2084 Ora·

352 2103 507 2179 tionibus,
532 2112 565 2168 ut
592 2124 701 2190 supra.
730 2105 804 2169 Gau.
829 2114 901 2169 sect.
927 2105 990 2169 ic.
1009 2106 1039 2169 7.
1057 2103 1189 2170 Attanae
1206 2106 1300 2170 etiam
1317 2125 1388 2189 qaam

353 2190 543 2255 tradedimus
566 2214 592 2256 c.
616 2192 637 2257 2
660 2215 691 2257 a.
716 2192 759 2257 26
784 2201 812 2256 et
835 2213 917 2276 seqq.

332 2315 409 2342 .-
433 2278 456 2343 1.
483 2278 614 2357 Quoties
638 2279 770 2345 Festum
794 2278 827 2344 S.
852 2281 1021 2345 Athanasii
1045 2278 1158 2344 incidit
1189 2280 1221 2343 in
1245 2278 1387 2343 Domini·

352 2386 425 2431 eam
450 2376 598 2453 quartam
623 2375 695 2454 post
719 2366 853 2443 Pascha,
871 2369 945 2453 qaia
964 2369 1014 2433 die
1030 2368 1181 2431 hesterna
1200 2368 1319 2431 lectum
1337 2373 1386 2431 est

352 2451 484 2520 Initium
510 2455 662 2540 Fpislolae
686 2457 720 2520 B.
744 2455 856 2521 Jacobi
882 2455 964 2543 (ubi
988 2456 1084 2541 hujus
1109 2454 1142 2520 S.
1167 2455 1313 2540 Apostoli
1337 2474 1387 2520 ce·

352 2543 514 2608 lebraturn
540 2543 599 2608 init
633 2543 802 2630 Festum),
838 2543 1023 2609 idcircone
1049 2544 1131 2608 idern
1167 2543 1296 2608 Initium
1326 2543 1386 2607 hae

353 2651 483 2715 quoquc
507 2631 558 2696 <lie
572 2640 769 2716 repetatur,
806 2633 993 2718 praecipitur
1028 2640 1063 2697 at
1099 2630 1193 2696 horlie
1223 2632 1256 2695 ia
1282 2631 1386 2716 prima

331 2764 335 2781 .
353 2718 522 2783 Nocturna
545 2719 712 2784 Lectiones
730 2721 893 2804 sequentis
911 2719 1011 2786 Feriac
1028 2719 1177 2785 secundae
1200 2719 1386 2785 recitentur.

352 2805 453 2871 liuba.
479 2807 509 2869 ia
529 2808 669 2894 praefata
694 2806 870 2872 Doaaiaica.

397 2893 438 2958 ll.
464 2892 597 2972 Quando
614 2892 744 2961 Festum
762 2894 793 2959 S.
812 2895 980 2961 Athanasii
999 2893 1192 2961 transfertur
1217 2903 1292 2980 past
1307 2895 1388 2960 Pen·
1484 2940 1489 2950 ·

353 2989 513 3056 lecastcn,
537 2981 696 3048 Graduale
731 2983 870 3048 sumitur
893 3002 931 3048 ex
955 2985 1051 3049 Missa
1074 2984 1189 3048 Statuit
1226 2983 1263 3048 dc
1299 2981 1390 3047 Com·

352 3071 446 3136 muni
470 3069 671 3136 Coalessoris
695 3071 876 3146 Pantifiuis,
901 3072 957 3137 saal
981 3073 1113 3137 ultimus
1137 3072 1165 3155 i.
1190 3073 1252 3137 crit
1274 3070 1390 3136 Beatos

350 3159 402 3222 air
426 3158 612 3311 quisasscrt
636 3167 697 3224 etc.
722 3179 760 3224 en
784 3160 915 3245 propria
938 3160 1044 3224 Missa.

326 3277 340 3311 ·.
364 3281 412 3296 —-
436 3246 459 3311 l.
485 3244 518 3310 Si
568 3254 673 3312 estam
690 3245 722 3312 S.
748 3247 859 3313 Crucis
877 3254 1048 3312 concurrat
1065 3266 1138 3312 cum
1154 3245 1250 3310 Festo
1273 3244 1391 3311 Ascen-

352 3334 468 3406 sionis,
491 3335 578 3411 illias
603 3336 901 3400 commemorationi
925 3335 1020 3401 datur
1045 3336 1135 3399 locus
1158 3332 1199 3397 ob
1223 3331 1390 3398 diversita-

352 3430 421 3488 tem
446 3421 599 3508 My'sterii.
622 3424 654 3488 S.
680 3422 717 3487 A.
744 3424 776 3489 Ο.
802 3423 844 3488 ta
869 3422 960 3488 Febr.
998 3422 1083 3488 titas
1107 3425 1139 3486 io
1162 3420 1268 3485 Athen.
1293 3419 1336 3484 ael
1359 3421 1389 3485 5.

351 3508 463 3595 Lepito
487 3511 582 3576 ctiam
616 3511 699 3576 aicta
724 3531 750 3575 a.
775 3512 794 3576 5
819 3534 849 3576 a.
876 3511 893 3575 5
919 3522 948 3575 et
971 3532 997 3575 c.
1023 3511 1042 3575 6
1065 3533 1095 3574 a.
1122 3509 1152 3574 6.
1176 3506 1249 3573 Ubi.
1270 3506 1392 3574 incidat

353 3597 442 3662 inira
476 3597 630 3665 Octavam
666 3599 892 3675 Ascensionis,
916 3597 1066 3663 Praelatio
1102 3595 1231 3682 quidem
1266 3596 1327 3660 erit
1352 3595 1391 3661 de

353 3685 483 3761 Crura,
506 3686 563 3751 sed
589 3686 858 3752 communicantes
882 3686 921 3751 de
944 3686 1161 3760 Ascensionc,
1197 3703 1391 3774 quamquam

353 3771 486 3840 Octava
519 3775 796 3857 praetermittenda
819 3775 862 3841 sit
887 3774 1160 3840 commemoratio.
1191 3773 1225 3837 S.
1251 3769 1286 3838 li.
1314 3771 1346 3839 C.
1371 3772 1389 3836 7

353 3861 438 3946 Aup.
464 3861 549 3926 tit-27
574 3863 606 3926 in
628 3883 692 3928 arna
718 3860 1014 3928 rationationem.

399 3947 441 4014 ll.
466 3947 500 4014 Si
524 3942 670 4016 Officium
693 3949 726 4016 S.
751 3949 862 4017 Crucis
897 3970 970 4016 curn
1001 3949 1094 4015 Festo
1118 3956 1269 4015 occurrat
1304 3945 1392 4034 quod

354 4035 606 4126 praeterendum
628 4039 681 4117 sit,
697 4040 808 4126 reponi
825 4038 921 4106 debet
936 4039 969 4105 in
985 4039 1123 4126 primam
1146 4036 1231 4104 diem
1253 4055 1318 4120 aaa
1333 4035 1391 4101 im·
