3484 4875
587 394 678 443 meax
692 396 790 442 neuun
808 394 987 443 ιιοιιιιιιιιιι
1228 375 1294 444 tur

290 507 370 568 sunt
395 498 462 568 dies
485 502 629 586 impediti
652 523 710 590 pre
735 504 942 569 translatione
965 504 997 568 in
1022 509 1222 589 perpetuum,
1238 503 1315 569 ibid.

290 611 323 655 ιι.
351 590 382 654 7.
407 590 494 656 Licet
522 590 651 657 Festum
684 591 918 668 transferatur,
950 592 1029 658 nihil
1061 601 1167 657 tamen
1191 594 1223 656 in
1247 593 1316 679 ejus

291 677 409 744 Officio
433 689 465 744 ct
487 681 583 745 Missa
600 689 650 745 est
673 681 915 757 immutandum,
932 682 1113 746 inconsulta
1136 679 1168 746 S.
1185 680 1222 745 u.
1240 680 1317 747 Con·

289 767 500 851 gregagiene,
517 768 592 833 inid.
610 790 640 833 n.
660 770 689 841 8,
707 768 857 847 Quaenam
882 769 975 836 Festa
1001 768 1167 835 transferri
1183 770 1317 855 possint,

290 856 373 920 ibid.
397 877 426 920 n.
446 857 485 921 ld
510 865 542 922 et
565 878 653 943 seqq.
672 856 730 936 Qui
753 859 919 944 privilegio
944 858 1083 943 gaudent
1105 857 1319 923 transferendi

289 943 392 1009 Festa
416 944 555 1031 duplicia
578 948 610 1012 in
634 946 877 1032 semiduplieia‚
901 967 995 1033 quem
1020 945 1163 1011 ordinem
1188 967 1318 1011 servare

290 1032 429 1110 debent,
455 1054 526 1119 pag.
551 1035 593 1099 66
617 1036 649 1100 in
673 1043 757 1100 nota.
782 1035 816 1099 Si
840 1035 923 1100 adsit
946 1035 1081 1101 facultas
1105 1034 1318 1100 transferendi
1414 1048 1417 1055 ·

289 1119 408 1186 Officia
435 1122 618 1199 Passionis,
647 1144 687 1189 an
710 1126 821 1209 repeni
849 1134 967 1209 queant
994 1133 1083 1189 extra
1107 1123 1317 1207 Quadregesi-

290 1230 396 1286 mam,
420 1230 492 1296 pag.
518 1212 557 1276 67
583 1213 614 1276 in
640 1221 724 1277 neta.
749 1211 829 1291 Quid
854 1211 1045 1290 faciendum,
1069 1213 1096 1276 si
1120 1212 1223 1277 desint
1251 1211 1318 1277 dies

288 1300 389 1364 vacui
406 1319 507 1384 nsque
530 1301 569 1365 ad
594 1303 668 1365 anni
691 1301 795 1377 finem,
812 1302 887 1367 ibid.
905 1323 935 1366 ιι.
955 1302 995 1366 ld
1020 1310 1051 1365 et
1068 1301 1120 1365 ll.
1137 1301 1317 1366 Translatie

288 1386 384 1453 Festi
407 1384 558 1454 Octavam
581 1389 739 1466 habentis,
763 1389 838 1454 inid.
863 1411 894 1455 ιι.
920 1392 938 1455 5
963 1398 995 1455 et
1018 1410 1044 1454 e.
1069 1390 1089 1454 2
1114 1410 1144 1454 n.
1167 1389 1218 1454 52.
1236 1387 1317 1467 Quid

289 1477 323 1540 si
347 1474 478 1541 Festum
502 1477 714 1544 transferatur
737 1477 777 1543 acl
801 1486 926 1563 tempus
949 1478 1115 1552 Paschale,
1132 1477 1181 1542 vel
1205 1498 1221 1542 e
1246 1498 1319 1543 cen·

287 1584 400 1640 verse,
424 1575 532 1631 annet.
550 1567 589 1630 de
613 1576 708 1652 temp.
726 1567 873 1631 Paschali
897 1588 927 1631 ιι.
947 1568 987 1632 l5
1012 1574 1044 1631 et
1067 1574 1174 1631 annet.
1193 1587 1210 1631 a
1227 1566 1315 1646 Pent.

289 1653 336 1719 ad
361 1653 439 1717 adv.
464 1674 495 1719 n.
519 1655 538 1720 9
564 1664 595 1719 ct
619 1656 669 1721 ll.
694 1656 741 1720 dn
773 1663 805 1720 et
837 1656 963 1741 quande
995 1656 1192 1742 permittitur
1223 1655 1319 1721 Missa

289 1742 450 1807 solemnis
474 1742 512 1806 de
529 1743 622 1808 Feste
640 1743 871 1821 transferendo,
889 1766 915 1809 e.
933 1746 952 1810 6
969 1765 999 1809 ιι.
1019 1746 1047 1809 5.
1065 1744 1144 1808 Vide
1164 1744 1316 1833 Officium.

238 1830 418 1899 Trinitatis
443 1828 523 1918 (SS.)
547 1832 675 1897 Festum
700 1852 798 1918 quare
821 1834 1003 1899 celebretur
1026 1833 1191 1898 Derniniea
1214 1833 1318 1919 prima

293 1928 371 2006 pest
393 1919 614 1997 Pentecosten,
638 1940 710 2007 pag.
736 1922 798 1985 517
822 1923 855 1986 in
879 1931 967 1988 neta.

767 2095 807 2168 U

240 2272 368 2343 Ursula
391 2271 449 2360 (S.)
472 2281 503 2337 et
526 2272 637 2339 Seciae.
662 2274 709 2339 An
726 2275 859 2339 seorsim
876 2274 986 2361 peragi
1003 2281 1097 2358 queat
1113 2271 1259 2338 Qfli'eium
1283 2292 1316 2337 u·

291 2363 369 2428 nius
393 2382 431 2425 ex
453 2362 542 2447 ipsis,
559 2364 585 2427 si
602 2364 735 2447 insignis
759 2364 864 2448 aliqua
889 2362 1090 2450 possideatur
1107 2361 1251 2449 Reliqeia
1268 2361 1316 2425 vel

294 2452 361 2517 alia
385 2449 423 2516 dc
447 2472 553 2528 causa,
570 2453 635 2518 cl
658 2474 689 2518 n.
707 2453 748 2518 27
773 2454 831 2518 sne
847 2454 942 2520 finem
967 2461 998 2517 et
1021 2452 1127 2517 adnot.
1146 2451 1182 2516 tt
1205 2449 1316 2516 Octeb.

765 2629 808 2700 V

243 2807 427 2872 Venantins
452 2804 509 2893 (S.)
531 2806 584 2881 M,
602 2807 676 2892 quid
700 2806 858 2890 agendum
882 2806 966 2872 eirea
990 2806 1141 2894 Hymnus,
1166 2806 1192 2871 si
1216 2806 1316 2892 potia·

293 2903 350 2960 tur
372 2897 422 2961 vel
450 2902 557 2959 eareat
579 2894 748 2981 VesperiS,
772 2896 878 2962 adnot.
902 2897 940 2961 <tl
968 2896 1040 2981 lllnji
1068 2917 1099 2961 n.
1124 2895 1158 2971 1;
1191 2894 1317 2981 quidsi

293 2984 509 3049 transferatur
533 2992 606 3069 post
628 2985 847 3062 Pentecosten,
870 2985 947 3050 ibid.
972 3007 1002 3050 n.
1027 2983 1064 3049 ll.

242 3073 381 3138 Versus.
414 3072 495 3151 Quid
526 3074 764 3160 praestandum,
796 3077 823 3140 si
854 3075 972 3139 Versus
1005 3072 1317 3138 commemorationis

294 3160 381 3226 idem
406 3163 448 3227 sit
471 3182 544 3227 cum
566 3161 666 3227 Versu
689 3163 811 3240 Officii,
837 3184 862 3227 c.
889 3163 908 3227 6
932 3183 962 3226 n.
988 3161 1051 3236 te,
1084 3170 1115 3224 et
1143 3160 1249 3225 adnot.
1275 3160 1317 3224 ld

293 3250 411 3315 lllartii.
430 3250 637 3329 Quandenam
653 3251 771 3317 Versus
794 3257 965 3318 censentur
986 3249 1116 3325 similes,
1133 3268 1160 3312 c.
1178 3247 1197 3312 6
1214 3267 1245 3312 n.
1266 3247 1315 3312 te.

293 3337 452 3404 Versiculi
483 3359 541 3425 pre
565 3339 737 3403 Dominicis
760 3341 792 3404 in
815 3338 927 3423 primis
950 3337 1120 3423 Vesperis,
1144 3354 1216 3423 pag.
1240 3335 1315 3403 tta.

294 3425 416 3494 Versus
439 3429 471 3492 iu
495 3426 605 3493 Officio
628 3425 867 3503 Defuneterum,
892 3447 918 3492 e.
944 3426 962 3490 7
987 3448 1017 3491 n.
1044 3425 1095 3490 te.

244 3517 411 3600 Vespere.
435 3515 565 3602 Regula
588 3517 751 3599 generales
772 3516 861 3600 juxta
885 3535 964 3600 quas
986 3514 1135 3600 Vespere
1159 3521 1232 3577 sunt
1264 3533 1312 3578 er·

295 3603 465 3681 dinandae,
498 3626 525 3671 e.
550 3607 568 3670 5
592 3625 623 3669 ιι,
646 3604 667 3669 l
691 3613 722 3670 et
753 3606 782 3670 5.
807 3604 842 3669 ln
866 3603 980 3688 quibus
1004 3603 1105 3667 Festis
1138 3601 1314 3669 attenditur

295 3692 451 3776 dignitas,
475 3693 549 3765 ibid.
574 3713 604 3758 ιι.
629 3692 648 3757 2
672 3692 738 3759 lll.⁰
762 3693 937 3772 Quamnam
964 3692 1196 3756 solemnitatem
1221 3690 1314 3756 Festa

295 3781 416 3847 hahere
439 3783 564 3859 debent,
581 3790 615 3846 ut
631 3783 754 3848 ratione
769 3783 855 3847 illius
873 3782 1005 3865 integris
1022 3780 1179 3845 donentur
1195 3779 1312 3865 Vespe-

295 3871 353 3946 ιιι,
371 3871 445 3935 ibid.
463 3893 493 3936 n.
510 3871 574 3937 lV.⁰
591 3870 755 3949 Quomodo
778 3870 962 3937 ordinandae
978 3877 1052 3934 sunt
1066 3867 1225 3955 Vespere,
1243 3888 1314 3933 cum

296 3957 360 4024 due
384 3957 493 4027 Officia
515 3960 549 4026 B.
573 3960 612 4026 Μ.
629 3959 665 4026 V.
681 3962 731 4027 rel
755 3961 816 4026 alia
840 3957 879 4026 de
902 3959 1011 4025 cedem
1037 3957 1161 4044 ehjeote
1183 3976 1312 4022 coneur-
