3484 4875
589 519 813 572 nonorarrorss
830 524 860 573 m
876 524 967 572 rrsrn
984 526 1118 572 rannanu
1306 504 1368 577 188

351 631 618 715 premonuimus.
643 630 799 698 Secunde
834 638 942 697 autem
966 627 1115 718 Vespera
1146 634 1283 719 integrae
1317 657 1389 722 pcr-

350 719 520 786 solventur
543 720 582 786 de
606 722 676 806 ipso
702 720 807 795 Festo,
824 740 898 785 cum
923 723 1228 790 commemoratione
1251 743 1385 808 sequen·

350 808 390 871 tis
414 807 480 874 diei
504 806 633 874 Octava
656 816 692 874 ut
715 808 781 884 ibi,
816 818 848 874 et
883 808 1058 874 llominicae
1089 829 1148 895 per
1170 810 1386 897 antiphonam

350 892 414 959 Fili
435 896 466 978 pl.
495 895 615 962 Omnes.

330 982 358 1047 o.
380 1018 427 1032 -·
450 984 475 1072 1.
501 983 536 1049 Si
558 985 653 1051 hodic
677 989 727 1049 est
748 983 925 1058 Dominica,
942 983 1109 1053 Lectiones
1134 986 1229 1070 primi
1253 986 1388 1053 Noctur-

348 1071 381 1135 ni
403 1075 560 1157 petuntur
582 1092 620 1138 ex
643 1073 737 1138 Initio
754 1072 907 1157 Epistola
930 1073 1043 1157 primm
1060 1074 1100 1139 ad
1117 1072 1300 1140 Corinthios
1324 1074 1387 1161 (dc

347 1158 517 1226 llominica
540 1169 647 1227 tamen
672 1160 751 1226 nihii
774 1160 820 1237 iit,
844 1179 917 1225 cum
942 1159 1010 1245 ejus
1027 1158 1173 1226 Officium
1197 1162 1266 1227 heri
1290 1161 1388 1228 fuerit

350 1248 555 1335 peractum).
587 1249 621 1314 Si
646 1268 743 1335 porro
767 1246 933 1313 [lominica
958 1268 1021 1313 non
1045 1249 1209 1326 occurrit,
1241 1257 1316 1316 sunt
1349 1250 1387 1316 de

348 1335 463 1401 eadem
488 1338 631 1425 Epistola
655 1356 694 1402 cx
718 1336 811 1402 Eeria
836 1338 991 1402 currenti.

394 1424 434 1489 11.
460 1422 535 1490 llics
558 1424 677 1492 Octava
694 1424 882 1511 Epiphaniae
906 1425 1047 1490 excludit
1069 1423 1293 1511 quodcumque
1311 1424 1385 1492 offi-

349 1515 446 1579 cium.
472 1514 568 1580 iludr.
594 1514 640 1580 tit.
666 1513 818 1579 18138.
854 1511 890 1578 13
914 1511 1064 1598 Vesperis
1099 1532 1175 1579 vero
1206 1513 1291 1580 cedit
1316 1521 1385 1579 tan·

349 1603 517 1756 tumrppdo
542 1602 723 1689 duplicibus
747 1602 860 1687 prima
884 1608 940 1666 aut
963 1601 1113 1668 secundae
1137 1603 1260 1669 classis.
1286 1602 1383 1668 ilerda.

353 1691 398 1757 tit.
492 1714 522 1756 n.
548 1692 579 1757 7.

392 1778 448 1844 111.
473 1777 508 1845 81
524 1798 598 1845 cras
614 1777 712 1845 inerit
728 1777 896 1845 llominica
908 1777 1050 1844 secunda
1071 1786 1145 1865 post
1161 1776 1385 1866 Epiphaniam,

349 1868 381 1933 in
398 1866 489 1933 hisce
504 1866 656 1954 Vesperis
678 1866 715 1932 m
738 1868 1002 1933 commemoratio
1027 1867 1066 1932 de
1090 1886 1138 1944 ea,
1158 1886 1217 1952 per
1232 1866 1386 1954 Antipho·

353 1976 430 2021 nam
446 1955 588 2044 Suscepit
603 1956 631 2040 γ’.
654 1955 712 2021 Ves
735 1957 834 2021 erlino
860 1962 894 2020 ut
917 1954 949 2019 in
966 1954 1116 2041 Vesperis
1145 1954 1288 2031 Sabbati,
1313 1974 1387 2021 cum

349 2041 504 2110 Oratione
527 2044 669 2131 propria.
695 1976 860 2110 Eandem
886 2063 949 2108 non
973 2040 1092 2118 luerit,
1127 2044 1160 2107 in
1184 2043 1327 2110 Ecclesia
1352 2064 1386 2111 u·

351 2133 502 2198 niversali
527 2134 791 2211 commemoratio
816 2132 924 2215 agitur
947 2132 1110 2217 sequentis
1136 2129 1168 2194 S.
1186 2131 1299 2197 Hilarii
1327 2132 1385 2218 Ep.

353 2219 385 2286 C.
403 2229 437 2286 ct
452 2220 544 2286 Iloct.
561 2240 621 2307 per
637 2221 765 2307 Antiph.
787 2222 811 2286 0
828 2220 954 2295 Doctor,
979 2239 1016 2285 ac
1041 2218 1073 2284 S.
1090 2218 1205 2284 Eelicis
1223 2219 1384 2305 Martyris.

393 2308 446 2374 lV.
470 2308 572 2375 Hodie
589 2309 673 2395 apud
691 2330 749 2374 nos
766 2311 798 2375 in
814 2308 1040 2396 Martyrologio
1058 2309 1161 2393 primo
1180 2307 1250 2371 loco
1268 2308 1387 2390 legitur

353 2396 463 2464 Roncoe
486 2405 546 2465 cto.
572 2406 607 2465 nt
630 2398 662 2463 in
679 2396 909 2486 Martyrologio
927 2396 1055 2463 Ordinis
1079 2416 1097 2461 a
1121 2394 1153 2461 S.
1172 2394 1254 2461 Sede
1272 2414 1387 2482 appro-

351 2485 436 2552 bato.
461 2486 571 2552 Lectio
596 2487 753 2573 ejusmodi
779 2486 922 2573 quotidie
943 2487 976 2550 in
993 2485 1096 2549 Choro
1120 2484 1155 2549 iit
1179 2483 1220 2548 ad
1243 2484 1386 2550 Primam

351 2583 425 2642 aute
447 2574 467 2656 1
489 2575 649 2650 Pretiosa,
675 2575 805 2661 dempto
829 2574 937 2641 triduo
961 2581 1036 2640 ante
1059 2572 1193 2638 Pascha.
1220 2570 1388 2639 Recitator

350 2681 447 2816 porro
467 2662 594 2749 jugitur
617 2663 668 2729 die
684 2662 881 2749 praecedenti
903 2662 999 2727 lectio
1022 2661 1089 2738 iila,
1115 2680 1185 2747 quae
1209 2662 1384 2726 memorias

373 2759 544 2818 anctorum
567 2752 732 2836 sequentis
757 2751 819 2817 diei
843 2752 998 2828 continet,
1022 2747 1240 2837 praeponendo
1262 2749 1388 2816 scilicet

352 2838 413 2906 diei
437 2830 583 2926 ejusdem
598 2839 771 2916 Kalendas,
794 2839 902 2905 Nonas
925 2840 975 2905 vei
998 2838 1085 2916 ldus,
1109 2858 1147 2905 ac
1163 2838 1262 2904 Luna
1285 2857 1385 2924 quan·

353 2929 486 2994 titate'm.
504 2928 600 2994 Rrrbr.
618 2927 751 3016 Mortpr.
770 2928 1034 3015 Martyrologium
1058 2947 1187 3013 semper
1211 2924 1383 3012 legendum

353 3026 400 3083 est
425 3026 522 3102 prout
541 3017 645 3102 jacet,
669 3018 797 3082 tametsi
822 3016 917 3081 Eesta
941 3017 973 3080 in
998 3036 1035 3080 eo
1059 3015 1221 3102 descripta
1246 3015 1309 3080 alia
1334 3015 1385 3079 die

351 3105 508 3172 celebrari
533 3106 713 3189 contigerit.
738 3105 769 3170 S.
787 3104 823 3169 11.
844 3104 875 3170 C.
895 3105 913 3169 7
932 3104 1004 3168 ilec.
1024 3104 1111 3170 1844
1134 3104 1166 3168 in
1188 3102 1384 3168 Mecilioien.

351 3193 391 3259 od
415 3193 469 3259 10.
493 3192 613 3259 Verum
637 3193 731 3259 Festa
756 3192 869 3258 eadem
893 3202 925 3257 et
949 3191 1011 3257 3113
1042 3211 1252 3276 quacumque
1288 3192 1385 3256 etiam

350 3301 406 3368 per
429 3281 580 3348 accidens
604 3283 783 3358 translata,
807 3301 866 3346 nec
892 3300 954 3345 non
979 3278 1089 3344 Officia
1119 3279 1247 3354 votiva,
1281 3277 1385 3364 pridie

351 3389 447 3457 quam
472 3369 677 3436 celebrentur
699 3371 817 3435 iterum
841 3365 1059 3434 annuntianda
1083 3373 1175 3441 suot,
1199 3374 1231 3431 et
1255 3363 1384 3449 quidem

351 3460 456 3545 primo
480 3459 574 3536 loco,
609 3459 672 3524 nisi
702 3457 837 3544 alicujus
860 3457 985 3541 vigiliae
1016 3456 1135 3520 mentio
1161 3452 1203 3518 sit
1226 3451 1383 3518 iacienda.

351 3546 446 3613 Rrrbr.
473 3545 607 3633 Martyr.
633 3557 662 3612 et
685 3546 716 3612 S.
735 3545 770 3612 11.
791 3545 823 3611 0.
841 3545 860 3610 8
878 3547 958 3630 Anp.
979 3544 1064 3609 1885
1089 3542 1121 3606 in
1143 3562 1205 3606 certa
1232 3539 1305 3606 Orc.
1327 3539 1385 3606 Co·

348 3637 513 3722 puerinon
546 3634 588 3699 nd
621 3637 639 3700 5
668 3634 740 3700 317
765 3633 839 3699 Dee.
865 3632 953 3700 1844
984 3633 1015 3696 in
1045 3628 1240 3697 Meciliaien.
1266 3628 1308 3693 cd
1332 3628 1384 3694 18.

350 3724 522 3791 Translata
546 3721 663 3807 Vigiiia
685 3724 718 3788 in
742 3721 931 3798 Sabbatum,
955 3740 1019 3787 noo
1044 3720 1239 3804 anticipatur
1261 3715 1386 3802 vigilia

348 3813 446 3879 lectio
464 3812 498 3876 in
515 3810 755 3899 Martyrologio,
779 3811 911 3876 tametsi
932 3809 1126 3895 anticipetur
1142 3805 1288 3874 Officium
1312 3824 1386 3872 cum

344 3901 481 3989 jejunio.
518 3899 623 3965 Conci.
648 3909 689 3965 to.
713 3898 734 3964 8
758 3919 784 3978 e.
810 3899 851 3963 87
876 3898 906 3963 d.
931 3898 952 3962 8
975 3920 1005 3963 a.
1031 3897 1061 3964 8.
1093 3895 1131 3962 ln
1157 3893 1386 3994 Martyrolopio

346 3991 484 4056 minime
507 3989 719 4054 annuntiatur
741 3984 889 4053 Officium
912 3983 1041 4062 iariale,
1074 3986 1102 4051 si
1126 3983 1222 4051 modo
1246 3981 1387 4068 excipias

345 4078 480 4148 Feriam
502 4064 545 4144 111
567 4075 719 4145 Cinctum
743 4081 776 4144 ct
797 4073 926 4143 Ee'riam
948 4073 976 4140 1
998 4074 1031 4140 13
1048 4072 1144 4141 Coena
1159 4069 1304 4148 llomini·;
1328 4087 1387 4136 ncc
