3484 4875
1283 488 1462 533 vesu
1505 488 1834 535 Novnmnms
2446 470 2571 538 595

755 596 818 662 S.
869 593 1226 660 Catharinae-
1266 593 1337 660 V.
1386 603 1450 660 et
1491 594 1572 660 M.
1622 594 1681 660 d.
1715 596 1867 660 min.
1918 616 1970 660 e.
2005 595 2144 661 rub.
2194 596 2260 660 11.
2307 596 2348 661 2
2396 617 2457 662 n.
2494 618 2613 685 ρι’.,

844 682 880 747 5
928 683 1152 749 Decem
1198 682 1349 769 virq.
1397 683 1533 749 Mis.
1570 683 1896 770 Loquebar
1940 703 2031 749 or.
2081 705 2176 769 pr.
2226 684 2296 749 In
2341 685 2523 751 Mart.
2577 688 2606 751 1

843 772 883 837 l.
918 772 1151 837 Romoe.
1185 770 1372 857 Vesp.
1408 791 1538 857 seq.
1573 771 1743 860 hym.
1779 778 1906 837 ant.
1943 770 2021 837 ad
2054 772 2214 857 Mag.
2259 782 2323 839 et
2369 794 2459 839 or.
2495 794 2616 859 ρι’.,

842 880 1003 926 com.
1050 880 1240 947 praec.
1292 881 1364 925 ae
1412 860 1476 926 S.
1525 861 1696 926 Petri
1741 860 2151 927 Alexandrini
2196 860 2310 947 Ep.
2360 869 2423 927 et
2467 862 2546 927 M.

643 949 820 1015 ἘΗΒ
871 948 1179 1014 Leonardi
1227 969 1263 1014 a
1309 950 1503 1014 Portu
1548 945 1840 1015 Mani-itio
1889 947 1952 1014 C.
2002 950 2057 1035 <1
2109 947 2204 1035 Ο.)
2254 953 2312 1015 d.
2361 950 2507 1035 maj.
2560 972 2614 1016 c.

841 1037 963 1102 alb.
1026 1037 1122 1103 Ad
1169 1038 1313 1103 Mat.
1364 1044 1427 1103 et
1471 1038 1666 1103 Laud.
1728 1038 1897 1125 hym.
1948 1057 2067 1123 ρι’.,
2113 1038 2179 1103 ll.
2232 1037 2261 1103 1
2330 1060 2390 1104 n.
2437 1039 2612 1105 Beat.

838 1126 969 1202 vir,
1017 1127 1058 1192 2
1107 1146 1249 1192 cum
1299 1135 1427 1192 ant.
1476 1126 1556 1191 ad
1602 1127 1832 1192 Beued.
1883 1146 2002 1211 ρι’.,
2051 1126 2087 1189 5
2135 1126 2525 1213 Βεεὶ9ηαυὶε,
2575 1127 2613 1193 9

625 1222 627 1225 ’
840 1214 881 1279 Ι.
931 1220 994 1280 et
1041 1236 1200 1280 com.
1237 1214 1301 1280 S.
1335 1215 1506 1280 Petri
1554 1216 1617 1280 in
1661 1216 1728 1280 L.
1767 1223 1829 1280 et
1860 1215 1938 1279 M.
1974 1234 2070 1300 ρι’.
2104 1214 2281 1280 Dom.
2315 1215 2610 1303 implebit.

736 1293 744 1331 '¹
839 1302 910 1368 In
956 1304 1137 1369 Mart.
1189 1303 1221 1368 1
1273 1304 1315 1368 1.
1364 1304 1580 1391 Aptae,
1627 1304 1668 1368 2
1714 1302 1787 1368 B.
1836 1302 2191 1390 Raymundi
2231 1302 2397 1368 Luni
2436 1303 2522 1369 M.
2573 1305 2610 1367 Ξῖ

503 1397 507 1486 ss
736 1347 740 1486 Ι
847 1392 990 1457 Ord.
1023 1392 1084 1457 S.
1121 1391 1189 1457 P.
1223 1391 1300 1459 N.
1334 1391 1670 1457 Francisci.
1705 1390 1892 1476 Vesp.
1941 1412 1977 1455 a
2026 1411 2160 1477 cap.
2198 1412 2328 1477 seq.
2364 1413 2456 1457 or.
2493 1413 2611 1478 ρι’.,

503 1486 507 1548 Ξ
623 1405 627 1557 i
736 1493 740 1548 Ι
840 1501 1000 1566 eom.
1048 1501 1237 1566 proee.
1290 1501 1362 1545 ae
1408 1480 1475 1545 B.
1524 1480 1879 1567 Raymundi
1925 1480 2002 1544 M.
2053 1500 2144 1545 or.
2196 1501 2291 1565 ρι’.

503 1558 507 1589 ¹
551 1564 592 1630 B
623 1564 817 1637 Em.
867 1569 1189 1656 Delphinae
1235 1569 1305 1634 V.
1356 1568 1430 1655 <5
1480 1565 1576 1655 Ο.)
1625 1568 1683 1633 d.
1733 1567 1879 1652 maj.
1931 1590 1982 1634 e.
2033 1568 2156 1634 alb.
2208 1570 2275 1634 ΙΙ.
2327 1568 2356 1632 1
2413 1590 2471 1634 ιι.
2521 1565 2637 1633 Βσ

619 1652 627 1756 J
736 1647 740 1753 Ι
838 1658 1013 1743 υἱν9.,
1060 1659 1174 1723 rel.
1209 1678 1329 1743 ρι’.,
1363 1658 1401 1723 9
1450 1658 1492 1722 l.
1528 1665 1591 1722 et
1636 1676 1798 1722 com.
1836 1658 1900 1721 B.
1936 1656 2291 1744 Raymundi
2340 1657 2404 1722 in
2448 1656 2515 1721 L.
2551 1668 2614 1723 et

504 1802 507 1852 ζ
619 1759 627 1821 ζ
736 1755 744 1834 3
837 1746 916 1811 M.
950 1746 1152 1811 Dileoe.
1198 1767 1288 1811 or.
1324 1767 1445 1832 ρι’.,
1492 1745 1600 1810 Ev.
1637 1754 1704 1811 ut
1750 1745 1789 1810 6
1840 1745 2019 1810 Febr.
2069 1744 2284 1832 (Secr.
2321 1754 2385 1810 et
2432 1746 2615 1811 Post-

624 1851 627 1914 ς
840 1856 1000 1900 com.
1037 1834 1113 1899 de
1143 1835 1211 1900 B.
1246 1834 1615 1923 Raymuudo
1652 1855 1725 1900 ex
1757 1834 1892 1899 Mis.
1927 1834 1999 1898 In
2029 1833 2294 1921 virtute).
2329 1834 2397 1898 Iu
2432 1835 2611 1900 Mart.

503 1973 507 2021 ἦ
621 1937 627 2029 Ι
736 1943 744 1985 ,ε
843 1924 872 1988 1
927 1924 967 1988 l.
1001 1922 1283 2012 Neapoli.
1316 1924 1503 2011 Vesp.
1537 1943 1669 2008 seq.
1702 1924 1758 2006 s'·
1793 1932 1855 1988 et
1887 1943 1977 1988 or.
2015 1944 2135 2009 ρι’.,
2169 1943 2330 1988 eom.
2365 1944 2556 2009 praec.

503 2039 507 2131 Ι
623 2034 627 2086 ¹
875 2059 881 2063 ’

547 2189 588 2250 Ε
619 2103 724 2250 199
754 2188 817 2255 S.
866 2187 1086 2253 Jacobi
1134 2187 1210 2252 de
1256 2186 1532 2252 Marohia
1582 2186 1646 2250 C.
1696 2186 1752 2271 (1
1809 2185 1906 2272 O.)
1956 2185 2014 2251 d.
2064 2187 2103 2251 2
2153 2186 2231 2251 cl.
2283 2208 2335 2251 e.
2373 2187 2497 2252 alb.
2544 2188 2612 2253 11.

503 2287 511 2363 ξ
737 2293 738 2300 ’
844 2279 873 2341 1
929 2298 988 2342 ιι.
1037 2276 1209 2340 Beat.
1257 2275 1381 2352 vir,
1429 2275 1543 2340 rel.
1593 2295 1689 2360 ρι’.
1738 2273 1806 2338 In
1859 2274 2012 2340 Adv.
2063 2275 2130 2339 fit
2179 2294 2341 2339 com.
2389 2274 2504 2340 fer.
2553 2278 2618 2340 in

737 2381 738 2422 3
841 2366 908 2429 L.
959 2373 1022 2430 et
1066 2365 1201 2429 Mis.
1249 2384 1344 2450 ρι’.
1389 2362 1514 2451 qu
1546 2373 1754 2428 aule-m
1803 2383 1945 2427 cum
1985 2363 2085 2428 Gr.
2137 2362 2206 2427 In
2254 2362 2435 2429 Mart.
2485 2365 2520 2428 ’1
2573 2364 2617 2428 1.

737 2462 738 2477 ³
852 2455 1014 2540 Vi9t..
1063 2454 1102 2519 2
1148 2453 1297 2518 Eod.
1347 2454 1463 2518 die.
1512 2452 1699 2538 Vesp.
1751 2472 1882 2537 seq.
1933 2472 2062 2538 ρι’.,
2112 2473 2272 2517 com.
2321 2473 2511 2539 praec.
2558 2455 2615 2536 Ῡ.

842 2541 1108 2618 hastam,
1156 2550 1219 2606 et
1263 2541 1377 2607 fer.
1424 2542 1490 2606 in
1538 2541 1690 2606 Adv.
1745 2549 1898 2605 tant.

543 593 592 658 G
627 597 724 657 ΓΕΒ

503 1017 507 1184 ἓ

543 948 592 1014 A

1200 2055 1584 2141 Indulqentia
1627 2055 1913 2143 plenaria

1202 2674 1586 2761 Indulqencia
1631 2673 1919 2761 plena-ria

547 2804 596 2870 D
647 2804 958 2896 emvig.)
1005 2808 1261 2873 Festum
1308 2805 1490 2873 Omn.
1540 2805 1921 2872 Sanctorum
1968 2806 2188 2871 Trium
2238 2803 2387 2871 Ord.
2439 2804 2502 2871 S.
2551 2805 2618 2870 P.

841 2898 911 2961 N.
942 2896 1261 2962 Francisci
1294 2895 1353 2960 d.
1388 2897 1429 2961 ⁶2.
1465 2897 1543 2962 cl.
1581 2917 1634 2960 c.
1670 2896 1797 2961 alh.
1832 2893 2012 2961 Omn.
2051 2915 2170 2980 ρι’.,
2208 2893 2246 2960 9
2284 2895 2324 2960 l.
2361 2904 2423 2960 et
2457 2915 2617 2959 com.

840 2985 977 3070 Vig.
1014 2985 1147 3073 (sed
1182 2987 1244 3049 in
1278 2985 1433 3050 Adv.
1463 3005 1623 3050 eom.
1660 2983 1798 3061 ser„
1833 2994 1896 3048 et
1929 2983 2086 3050 nihil
2116 2985 2178 3048 iu
2213 2974 2328 3048 Off.
2359 2982 2434 3050 de
2458 2981 2621 3068 Vig.)

511 3037 520 3323 Ι
737 3134 738 3171 3
840 3094 915 3138 ae
962 3073 1026 3139 S.
1062 3073 1389 3140 Saturnini
1434 3074 1511 3140 M.
1548 3074 1627 3158 in·
1647 3073 1714 3138 L.
1753 3082 1817 3138 et
1847 3073 1924 3138 M.
1962 3093 2058 3158 ρι’.
2093 3092 2239 3138 eum
2279 3072 2403 3149 Cr„
2437 3070 2619 3138 Proef.

845 3161 963 3238 Qui
1005 3162 1418 3228 venerandum
1479 3170 1543 3228 et
1599 3161 1706 3229 Ev.
1755 3161 1891 3246 vig.
1954 3161 2018 3225 in
2063 3161 2168 3226 fin.
2219 3160 2252 3246 (
2279 3160 2351 3224 In
2395 3161 2620 3227 Solem.

838 3250 896 3405 {f
943 3252 1004 3315 in
1062 3253 1195 3337 ejus
1254 3250 1493 3352 defectu
1522 3251 1723 3402 perv).
1770 3249 1923 3315 nihil
1968 3248 2043 3313 de
2086 3250 2148 3314 S.
2197 3249 2538 3313 Saturnino
2562 3249 2618 3334 ).

736 3425 737 3436 ἵ
842 3338 1075 3494 etossigi?
1119 3339 1431 3493 ilgghgivls.
1464 3338 1601 3424 Vig.
1691 3358 1824 3424 esp..
1873 3357 2004 3422 seq.
2040 3357 2160 3423 ρι’.,
2208 3357 2372 3402 eom.
2408 3357 2620 3423 praec„

515 3588 516 3591 Ἴ
555 3513 604 3578 Ε
647 3517 728 3578 ΞΗ
758 3514 821 3582 S.
855 3515 1125 3582 Andreae
1158 3515 1273 3601 Ap.
1310 3515 1369 3580 d.
1405 3514 1445 3580 2
1495 3516 1573 3580 cl.
1609 3534 1665 3579 c.
1698 3513 1843 3580 rub.
1878 3512 2059 3579 Omn.
2096 3520 2163 3579 ut
2212 3513 2319 3578 ihi.
2365 3512 2432 3576 In
2467 3511 2621 3577 Adv.

843 3605 913 3670 fit
944 3625 1105 3670 com.
1139 3603 1252 3669 fer.
1300 3605 1363 3669 in
1409 3603 1477 3668 L.
1525 3611 1589 3669 et
1628 3602 1715 3671 M.
1745 3622 1841 3688 ρι’.
1889 3623 2033 3667 eum
2070 3601 2169 3666 Cr.
2197 3610 2262 3666 et
2296 3599 2478 3666 Praef.
2505 3601 2622 3687 Αρ.

740 3773 742 3777 ¹
844 3694 913 3760 In
949 3694 1129 3760 Mart.
1168 3694 1193 3759 1
1250 3694 1295 3758 l.
1344 3691 1880 3758 Commemoranda.
1912 3690 2204 3776 Vesperae
2247 3690 2426 3776 juxta
2475 3710 2623 3755 con-

843 3783 1181 3850 currentiae
1212 3783 1407 3865 leges
1441 3781 1594 3846 Post
1624 3779 1852 3845 Bened.
1889 3779 2066 3845 Dom.
2103 3779 2223 3844 die.
2262 3778 2445 3865 Vesp.
2481 3776 2614 3844 Def.

842 3874 968 3936 ritu
1013 3871 1161 3960 ‹lu-p.
1211 3872 1346 3936 sine
1392 3868 1494 3934 Ps.
1529 3867 1769 3944 Lauda,
1818 3888 1960 3934 eum
2008 3888 2083 3933 or
2126 3867 2290 3932 Deus
2335 3869 2611 3933 vestim...

841 3960 965 4026 Per
994 3959 1197 4037 Dom„
1230 3979 1345 4047 ριο
1378 3956 1597 4026 Officio
1630 3966 1854 4025 nostro
1888 3956 2366 4043 generalissimo
