3484 4875
560 501 779 550 carminosis
796 504 825 549 tu
842 502 931 548 unsre
948 500 1111 548 uncrunms
1280 479 1345 546 tto

351 605 573 692 quodcumque
589 608 716 675 Festum
735 611 765 674 in
782 610 850 696 ipsa
867 627 1049 674 occurrens.
1067 606 1160 672 litter.
1175 614 1245 694 post
1265 604 1368 673 Tabel-

349 694 413 759 lom
437 697 641 763 oecurreotire
663 720 692 762 o.
712 701 740 763 l.
766 697 844 763 item
861 697 974 782 Vigilia
991 696 1059 760 haee
1083 694 1203 781 (quoad
1223 692 1367 761 Ollieium

348 793 379 849 ct
397 784 539 872 Missam)
563 787 742 852 celebratur
765 789 862 852 etiam
878 787 909 851 in
926 785 1100 859 Dominiea,
1118 786 1143 848 si
1162 791 1310 849 occurrat
1334 785 1365 849 iu

347 892 395 937 ca.
422 872 517 939 Nubr.
543 876 586 939 tit.
611 876 631 940 c
654 898 683 939 o.
708 876 738 940 (Ζ.
764 875 832 955 Quo
856 895 931 939 casu
957 871 1100 938 Ollieium
1118 873 1178 937 lme
1197 871 1289 936 modo
1314 893 1364 936 er·

349 960 495 1026 dinatur:
520 962 568 1027 At
592 964 790 1039 Matutinum,
813 964 1034 1028 invitatorium
1059 970 1107 1026 cst
1130 960 1230 1026 Hodie
1252 960 1367 1033 scietis·

348 1047 505 1136 Hymnus,
521 1052 720 1138 Antiphone,
738 1053 866 1128 Psalmi,
883 1052 941 1134 pp,
959 1051 1123 1116 Lectiones
1148 1050 1240 1135 primi
1265 1058 1296 1114 et
1317 1069 1367 1113 se·

350 1138 445 1203 cundi
468 1138 620 1206 Nocturni
644 1162 716 1206 eum
739 1141 790 1227 dd„
815 1149 986 1206 sumuntur
1009 1158 1025 1204 e
1049 1139 1212 1205 Dominiea
1236 1147 1366 1222 qtrarta:

349 1225 382 1291 in
400 1228 494 1292 tertio
512 1237 617 1295 autem
634 1230 794 1295 Nocturno
811 1229 998 1315 Antiphone
1015 1248 1051 1292 ae
1069 1228 1185 1293 Psalmi
1208 1234 1282 1292 sunt
1302 1228 1369 1311 qui·

350 1313 422 1381 dem
448 1315 486 1381 de
510 1317 620 1383 eadem
644 1318 823 1394 Dominiea,
841 1327 881 1383 -at
911 1318 938 1400 l.
963 1326 995 1381 et
1020 1325 1083 1381 tres
1107 1316 1271 1380 Lectiones
1295 1334 1367 1380 eum

350 1406 418 1469 suis
441 1404 492 1490 dil.
517 1415 592 1472 sunt
616 1407 653 1473 de
677 1408 803 1491 Vigilia,
827 1427 929 1492 neque
962 1407 1114 1471 recitatur
1147 1424 1229 1469 nona
1262 1402 1368 1468 lectio

350 1492 389 1558 de
413 1493 543 1559 homilia
568 1494 750 1570 Dominiece,
774 1516 876 1580 neque
900 1493 1017 1559 dieitur
1044 1493 1083 1558 Te
1108 1493 1216 1557 Deum.
1245 1491 1368 1557 Laudes

350 1589 382 1647 et
402 1583 563 1667 reliquum
578 1582 678 1650 Officii
701 1592 776 1650 suot
792 1584 830 1649 de
850 1584 962 1667 Vigilia
987 1583 1046 1648 sub
1062 1583 1126 1647 ritu
1144 1581 1272 1666 duplici,
1296 1600 1369 1646 cum

351 1673 655 1739 commemoratione
678 1673 849 1738 [lominicar
873 1674 905 1738 in
928 1671 1103 1746 Laudibus;
1121 1670 1216 1735 Nissa
1233 1676 1281 1734 est
1296 1690 1368 1755 pro·

351 1760 421 1845 pria
446 1759 546 1825 Hodie
569 1762 677 1836 scietis,
700 1764 768 1827 sine
794 1762 909 1836 Gloria,
933 1768 965 1825 et
988 1761 1108 1845 absque
1132 1760 1225 1824 tertia
1247 1758 1369 1823 Oratio·

349 1867 389 1913 ne
413 1848 562 1934 (exclusis
578 1850 671 1915 etiem
691 1851 851 1936 Collectis).
878 1850 924 1914 Ad
942 1849 1099 1915 Graduale
1116 1847 1299 1933 adjungitur
1315 1846 1368 1912 At-

350 1935 447 2023 lclujo
472 1959 544 2003 cum
568 1938 594 2021 i.
620 1942 774 2025 sequenti.
801 1939 923 2004 [licitur
949 1939 1068 2012 Credo,
1094 1936 1240 2001 Praelatio
1265 1936 1367 2001 Trini-

351 2027 439 2101 tatis,
463 2046 501 2091 cc
524 2028 555 2091 in
588 2028 648 2093 line
680 2028 884 2114 Nuarrgelium
916 2027 947 2091 S.
973 2027 1103 2091 loannis
1135 2025 1171 2089 lo
1200 2025 1367 2112 principio.

349 2113 574 2180 Conventualis
597 2117 778 2182 celebratur
802 2124 873 2202 post
896 2115 1036 2180 Tertiam
1065 2113 1164 2200 (quia
1187 2112 1279 2177 hodie
1311 2113 1368 2175 mi-

349 2204 436 2268 nime
461 2206 566 2287 agitur
586 2206 739 2292 jejunium
756 2205 785 2292 ),
820 2226 856 2270 ac
880 2204 907 2269 si
932 2202 1090 2268 Solemnis
1113 2202 1177 2277 sit,
1201 2200 1369 2265 adlrib'etur

347 2289 528 2358 Dalmatica
559 2301 590 2359 et
617 2294 801 2370 Tunicella,
831 2295 998 2380 pulsantur
1021 2289 1169 2373 Organa,
1200 2296 1231 2353 et
1261 2289 1370 2353 Altare

348 2389 487 2448 ornatur
516 2382 656 2450 lloriltus.
688 2383 783 2450 Nobr.
814 2394 884 2449 oute
913 2380 977 2468 uto.
1007 2380 1108 2447 Notio.
1140 2377 1248 2464 lielepe
1276 2378 1370 2443 ctiom

348 2471 435 2557 quod
459 2471 671 2538 odaotoou'mus
694 2473 726 2537 io
748 2473 825 2538 Ado.
849 2496 879 2538 a.
905 2472 933 2536 5.
958 2470 1002 2536 Ex
1026 2490 1088 2555 quo
1113 2470 1145 2533 in
1168 2468 1261 2532 lllissa
1284 2466 1369 2551 Vigi-

347 2561 403 2626 liae
425 2559 605 2627 Natiuitatis
628 2561 824 2628 occurrentis
847 2563 879 2626 in
904 2559 1066 2625 [lominica
1090 2559 1242 2622 recitatur
1261 2554 1369 2631 Credo,

347 2647 535 2714 Caralerius
560 2650 613 2737 (to.
631 2653 650 2716 5
667 2673 692 2716 c.
712 2652 752 2716 ld
769 2675 798 2716 u.
817 2651 871 2736 ll)
897 2649 1018 2732 colligit
1042 2645 1222 2711 addendum
1245 2664 1371 2729 quoquc

347 2757 423 2803 esse
449 2737 546 2802 Credo
573 2747 662 2805 extra
686 2740 882 2805 lluminicam
905 2739 944 2802 iis
967 2738 998 2802 in
1022 2736 1134 2810 LociS,
1168 2733 1219 2799 ubi
1244 2753 1280 2797 ex
1305 2735 1368 2819 pri-

346 2827 468 2910 uilegio
492 2829 671 2894 celebratur
687 2829 747 2895 hoc
764 2837 907 2915 tempore
930 2827 1036 2912 aliqua
1060 2824 1178 2890 Octava
1194 2843 1264 2908 quae
1282 2820 1371 2911 Sym·
1448 2839 1457 2856 ·

346 2915 464 2981 bolum
492 2937 549 3002 per
578 2938 612 2982 se
642 2926 813 3003 exposcat;
846 2926 921 2982 tunc
951 2917 1035 2981 enim
1065 2913 1108 2979 ibi
1143 2911 1371 2998 adjungeretur

350 3003 454 3070 Credo
477 3006 600 3071 ratione
623 3005 759 3083 Octava,
783 3005 1050 3091 quemadmodum
1080 3003 1113 3068 in
1136 3001 1278 3066 Ecclesia
1303 3002 1370 3067 uni·

347 3093 469 3157 uersali
494 3094 598 3160 locum
623 3094 718 3160 habet
741 3099 863 3160 ratione
887 3094 1070 3160 Dominicae.

397 3180 437 3246 ll.
463 3180 497 3247 Si
512 3182 625 3267 Vigilla
642 3182 820 3249 Natiuitatis
845 3184 991 3249 inciderit
1006 3183 1037 3247 in
1055 3179 1240 3252 Sabbatum,
1257 3177 1297 3241 ad
1313 3176 1372 3241 No·

349 3277 504 3336 cturnum
522 3272 552 3336 in
570 3274 674 3338 locum
693 3273 809 3338 Psalmi
825 3272 961 3338 Jrrbu'lote
983 3272 1176 3351 subrogatur
1192 3265 1372 3349 Antiphena

350 3368 386 3425 et
404 3358 550 3425 Psalmus
568 3360 687 3427 Beatum
703 3372 755 3436 cst,
780 3382 818 3425 ne
841 3362 896 3425 ille
920 3360 1043 3424 dicatur
1060 3356 1099 3422 ad
1116 3355 1315 3428 Natutintrm,
1339 3361 1371 3419 ct

349 3448 472 3514 iterum
496 3450 534 3514 ad
558 3449 692 3518 Laudes.
719 3451 791 3515 Gor.
815 3459 886 3514 sect.
911 3449 930 3514 c
956 3469 980 3513 e.
1005 3447 1026 3512 d
1048 3469 1078 3510 o.
1097 3446 1126 3510 l.

398 3535 453 3602 lll,
478 3537 512 3602 ln
536 3538 649 3624 Vigilia
672 3540 732 3605 hac
749 3539 787 3604 ad
804 3538 944 3603 Primam
961 3545 1025 3602 tres
1050 3542 1173 3600 tantum
1196 3532 1372 3597 recitantur

349 3622 486 3702 Psalmi,
511 3636 544 3692 ut
568 3629 598 3692 in
623 3627 736 3702 Nestis,
760 3627 902 3712 quamuis
919 3624 1001 3691 foret
1021 3623 1195 3689 Dominica.
1219 3620 1372 3707 Martyro-

350 3714 488 3798 logium,
511 3716 595 3801 quod
619 3737 657 3784 ex
682 3717 826 3782 [lubricat
849 3715 1038 3801 praescripto
1069 3709 1244 3777 canendum
1269 3710 1373 3776 estin

351 3801 417 3868 lrac
441 3802 555 3889 Vigilia
580 3826 636 3892 pro
660 3807 710 3871 die
734 3805 887 3891 sequenti,
912 3799 1115 3869 nullomodo
1140 3795 1306 3865 transferri
1338 3799 1373 3864 li·

355 3900 410 3956 cet
434 3891 472 3956 ad
497 3894 599 3979 ipsam
622 3894 802 3961 Natiuitatis
826 3893 919 3957 diem.
944 3892 975 3957 S.
999 3891 1035 3958 lt.
1063 3888 1093 3955 0.
1123 3888 1166 3953 NP
1190 3886 1260 3952 doc.
1287 3887 1371 3952 1707

355 3980 387 4044 iu
415 3980 605 4049 Consentire.
630 3983 786 4050 Sacerdos
812 3981 889 4047 illud
914 3988 1098 4046 cantaturus
1122 3977 1215 4042 debet
1231 3976 1372 4042 Pluuiale

355 4068 492 4136 induere
527 4073 659 4140 violacei
693 4074 809 4140 coloris
834 4071 848 4156 l
861 4071 893 4137 S.
917 4070 953 4136 R.
980 4068 1012 4136 0.
1040 4069 1080 4134 ⁶27
1105 4065 1198 4133 Mart.
1235 4065 1317 4131 tsstt
1343 4065 1373 4129 io
