3484 4875
365 478 431 545 50'2
597 496 772 542 runcinum
788 495 819 541 m
834 494 948 540 unsrun
964 494 1173 540 rourucosms

343 602 457 667 Cetera
485 600 695 686 perficiuntur
718 609 754 667 ut
784 621 892 688 supra.
924 636 970 649 -
992 599 1041 665 Ad
1070 600 1193 665 Mensa
1223 597 1385 664 benedictin

341 709 416 756 nem
447 689 541 754 hodie
564 709 602 755 ac
632 710 690 775 per
723 698 826 755 totam
857 688 1010 755 Octavam
1040 687 1213 775 perficitur
1234 687 1262 769 p'.
1284 686 1388 773 Spiritus

342 777 477 852 Domini,
501 783 533 842 et
557 777 588 842 in
613 777 675 843 line
698 778 727 859 pi.
752 776 882 865 Hepleti.
906 812 952 826 -
973 775 1126 861 Vesperae
1149 773 1347 840 celebrantur
1365 772 1390 837 de

342 864 489 949 sequenti
512 864 745 940 solemnitate,
777 866 898 949 absque
930 864 997 929 ulla
1024 881 1162 948 prorsus
1188 880 1389 927 commemora·

343 954 438 1016 tione.
463 950 510 1016 dd
534 954 672 1037 primam
695 952 862 1038 stropham
885 951 1001 1039 Hymni
1026 949 1101 1014 Veni
1126 949 1261 1015 Creator
1283 947 1391 1033 geuule
1432 983 1433 990 .

342 1040 456 1111 ctitur;
480 1040 571 1124 cuius
595 1042 739 1105 clausule
763 1050 795 1105 et
818 1040 956 1105 aliorum
979 1044 1029 1102 cst
1052 1037 1117 1101 Deo
1143 1037 1238 1101 Potri
1260 1039 1298 1100 sit
1317 1035 1392 1121 yterio

342 1126 473 1279 qtldilio
497 1128 551 1212 qui
573 1149 592 1190 o
615 1128 746 1192 mortuis
749 1178 802 1193 .....
827 1130 858 1191 iro
881 1124 1070 1193 soeculorum
1093 1124 1215 1188 mecedo
1239 1144 1297 1210 per
1318 1130 1392 1188 tutan

373 1222 508 1279 clavam.
1259 1240 1266 1251 -

412 1303 464 1366 ltl.
488 1302 653 1377 Hominica
687 1302 893 1368 Pentecostes
927 1308 976 1365 est
1008 1299 1126 1385 duplex
1160 1300 1277 1385 primm
1308 1297 1393 1363 elassis

344 1409 418 1454 cum
442 1389 559 1454 Octava
584 1390 805 1475 privilegiata,
836 1391 868 1454 in
893 1409 956 1474 qua
979 1389 1069 1453 color
1092 1387 1217 1453 rubeus
1240 1386 1392 1451 adhibetur.

344 1476 380 1542 ln
404 1475 513 1543 Officio
538 1488 570 1551 et
592 1478 689 1542 blissa
714 1480 818 1544 omnia
842 1488 918 1543 sunt
942 1479 1082 1563 propria,
1099 1475 1224 1561 absque
1249 1475 1313 1539 ulla
1334 1492 1392 1538 eon·

344 1568 586 1631 memoratione.
608 1565 720 1652 Confer
742 1588 767 1631 c.
792 1567 811 1632 6
835 1588 865 1630 n.
890 1567 920 1631 u.
939 1565 986 1630 Ad
1009 1564 1153 1629 Primam
1180 1564 1330 1629 dicuntur
1349 1569 1393 1625 tres

345 1661 470 1717 tantum
496 1653 614 1718 Psalmi
640 1664 673 1718 ut
696 1654 728 1718 in
751 1654 866 1730 Hestis,
890 1654 922 1717 iu
946 1652 976 1737 nl.
1000 1652 1088 1717 breui
1113 1651 1141 1733 pi.
1163 1650 1227 1728 Qni
1247 1650 1338 1725 sedes,
1356 1648 1393 1712 be

346 1741 409 1804 etio
433 1741 538 1805 brevis
562 1740 602 1805 ad
626 1741 868 1806 Absolutionem
892 1740 1028 1825 Capituli
1045 1738 1153 1803 Jndmi
1176 1758 1309 1825 quoqne,
1324 1745 1351 1801 et
1366 1733 1392 1800 ad

346 1826 486 1891 Tertiam
512 1828 654 1915 Hymnus
677 1828 753 1893 Vcoi
770 1829 910 1904 Creator,
935 1829 989 1913 qui
1012 1829 1043 1891 in
1068 1828 1217 1892 consueti
1240 1826 1348 1911 Hymni
1366 1824 1394 1888 lo

346 1934 420 1979 cum
442 1916 637 1999 subrogatur
653 1936 710 2001 per
729 1924 827 1981 totam
845 1916 1007 1981 Octavam.
1025 1913 1059 1978 ln
1077 1914 1138 1978 hac
1155 1913 1321 1979 [lominica
1335 1929 1393 1995 aqua

347 2002 493 2067 lustralis
510 2024 573 2067 non
597 2004 796 2069 benedicitur
817 2005 848 2068 in
870 2003 1022 2068 Hcclesiis
1040 2001 1093 2065 ubi
1113 2000 1201 2066 Fons
1218 1998 1393 2086 baptismalis

347 2090 448 2163 adest,
466 2090 521 2154 sed
539 2091 582 2154 ihi
599 2091 751 2155 solemnis
767 2092 911 2176 aspersio
929 2098 1002 2155 ante
1019 2089 1160 2162 blissam,
1180 2088 1342 2153 conficitur
1357 2101 1394 2171 pu

347 2196 464 2261 aquam
488 2178 556 2262 ejus
580 2178 689 2242 Fontis
715 2178 816 2262 pridie
839 2186 1047 2243 reservatam.
1070 2176 1166 2240 Rubr.
1186 2177 1270 2241 Miss.
1294 2176 1328 2239 dc
1347 2171 1394 2237 ord.

346 2265 387 2327 od
409 2265 587 2349 faciendum
611 2287 728 2351 aquom
752 2266 953 2330 benedictam.
970 2300 1014 2312 -
1031 2263 1142 2341 Quoad
1168 2263 1332 2349 Exequias,
1346 2260 1394 2324 llis

348 2370 418 2415 saun
443 2352 482 2415 de
506 2353 625 2437 Requie
657 2361 689 2416 et
713 2352 857 2417 Officium
882 2350 1135 2425 Delunetornm,
1167 2352 1277 2435 relege
1308 2346 1395 2414 tradita

347 2439 379 2502 in
404 2437 488 2503 diem
512 2453 635 2505 sextam
659 2440 801 2505 Jauuarii
826 2461 857 2505 n.
874 2440 900 2505 V
917 2449 949 2504 et
972 2461 999 2505 c.
1025 2441 1092 2504 7n.
1116 2439 1154 2504 ll
1176 2446 1210 2505 et
1233 2440 1298 2504 cd
1320 2432 1395 2502 ntt

349 2526 488 2591 Rursum
513 2529 597 2612 qnod
627 2528 667 2592 ad
692 2529 820 2593 Missam
845 2529 983 2613 pertinet
1008 2528 1047 2592 dc
1070 2526 1167 2591 Festo
1202 2520 1396 2592 transferendo

349 2614 399 2677 vel
426 2635 483 2698 prc
508 2636 543 2680 re
568 2618 667 2699 gravi,
693 2617 823 2680 consule
847 2636 916 2700 cap.
943 2616 961 2679 a
986 2637 1018 2680 n.
1045 2616 1062 2678 5
1087 2622 1120 2678 et
1144 2615 1176 2679 8.

417 2703 469 2765 ll.
494 2702 580 2767 lnlra
604 2702 756 2768 Octavam
780 2704 984 2768 Pentecostes
1009 2703 1132 2767 nullum
1156 2701 1291 2766 Festum
1314 2693 1397 2786 peragi

348 2795 465 2871 potest,
482 2789 539 2853 sed
563 2792 786 2876 quodcumque
810 2799 970 2865 occurrat,
988 2791 1048 2854 etsi
1073 2789 1193 2874 duplex
1211 2790 1322 2874 prime
1342 2787 1398 2851 clas·

349 2875 417 2949 sis,
449 2876 529 2940 illud
559 2886 633 2962 post
661 2878 813 2944 Octavam
845 2885 974 2963 oportet
1005 2875 1188 2942 transferri.
1213 2877 1309 2942 Rubr.
1332 2870 1396 2939 titi

349 2983 379 3025 o.
398 2963 427 3026 5.
445 2962 489 3028 lle
513 2963 657 3049 Simplici
681 2968 747 3031 siue
771 2986 898 3052 perse,
922 2966 988 3030 sive
1013 2985 1070 3050 per
1093 2965 1259 3040 accideuS,
1284 2964 1360 3030 nulla
1375 2957 1398 3023 ll

350 3055 612 3117 commemoratio
636 3054 667 3117 iu
692 3055 798 3120 triduo
816 3055 1034 3129 Pentecostes,
1051 3066 1167 3137 nempe
1193 3053 1228 3118 in
1252 3049 1397 3121 llomiuica.

351 3138 383 3200 in
400 3137 492 3204 Heria
515 3141 656 3206 secuirda
681 3151 711 3205 et
737 3142 830 3207 tertia
846 3141 1067 3215 Pentecostes;
1086 3146 1160 3225 post
1184 3140 1326 3206 triduum
1340 3153 1398 3200 'uero

349 3226 437 3291 illius
459 3230 755 3294 commemorationi
772 3229 867 3294 datur
890 3229 980 3294 locus
1004 3230 1036 3293 in
1053 3226 1164 3294 Officio
1183 3235 1217 3292 et
1236 3229 1338 3301 Missa,
1351 3224 1398 3288 sine

350 3316 419 3400 ejus
436 3315 587 3381 Lectione
611 3317 650 3381 ad
673 3312 876 3391 dlatudnum,
894 3317 970 3380 etsi
987 3315 1109 3380 incidat
1135 3316 1168 3390 in
1193 3315 1319 3380 Feriam
1334 3327 1398 3399 quar·

351 3409 417 3467 tam
434 3412 464 3468 et
483 3405 625 3490 Simplex
650 3406 765 3468 existat
788 3424 847 3488 per
863 3403 1023 3478 accidens,
1040 3403 1079 3467 de
1100 3422 1138 3467 eo
1163 3396 1397 3468 commemoratio

350 3490 458 3570 agitur
481 3494 576 3557 etlam
601 3493 634 3556 in
656 3491 807 3576 Vesperis
830 3490 931 3554 Heriae
956 3490 1069 3555 tertiae.
1094 3491 1125 3553 S.
1152 3489 1189 3554 R.
1211 3491 1242 3556 C.
1268 3491 1308 3555 28
1330 3486 1395 3554 Mod·

352 3575 438 3640 1775
461 3580 493 3642 io
520 3602 583 3644 nno
611 3577 700 3642 Urbis
730 3579 772 3642 od
794 3578 825 3642 d.
850 3576 995 3642 Officium
1024 3577 1056 3640 in
1082 3576 1190 3641 triduo
1223 3577 1396 3642 Pentecoste

352 3671 401 3726 est
425 3664 541 3750 duplex
565 3667 677 3752 primm
701 3665 836 3740 classis,
869 3672 942 3749 post
966 3663 1106 3729 triduum
1133 3673 1183 3728 est
1208 3660 1393 3746 semidupleu,

352 3756 385 3814 et
408 3752 514 3816 omnia
538 3755 764 3840 persolyuutur
788 3761 823 3817 ut
846 3752 890 3815 ibi
914 3761 946 3816 et
968 3752 999 3816 in
1025 3751 1092 3816 dies
1117 3751 1276 3835 singulos.
1299 3750 1337 3815 Ile
1355 3742 1393 3811 ll·

352 3837 513 3903 solutione
536 3849 567 3904 et
597 3840 898 3915 berredieticnibuS‚
923 3840 1029 3922 relege
1054 3859 1125 3924 qnae
1157 3839 1322 3905 docuimus
1345 3832 1391 3927 yttl

352 3923 563 4009 Epiphaniam
584 3948 615 3992 n.
634 3928 685 3992 15.
703 3928 798 3994 Missa
822 3935 871 3992 est
895 3928 1036 4012 qnotidie
1060 3928 1194 4011 propria
1219 3947 1290 3993 cum
1308 3922 1389 3991 Glorn.

353 4012 526 4098 Sequentia
561 4021 593 4077 et
626 4015 734 4079 Credo.
766 4010 940 4088 Praelatio.
971 4013 1243 4081 Coroonoouuuieooteu
1273 4022 1302 4080 et
1329 4005 1388 4075 dull
