3484 4875
341 497 403 565 ltu
591 511 813 561 nonorrrronns
830 510 860 557 nv
876 511 968 559 rrsrr
983 511 1120 560 anuumu

362 629 429 687 tem
452 627 603 687 occurrat
626 619 889 685 commemoratio
913 618 1093 705 Simplicis,
1119 619 1141 685 t
1165 617 1272 686 Oratio
1291 620 1357 686 istius

360 711 432 785 erit,
457 709 475 775 5
500 706 905 774 concomitantiam
930 707 1001 773 duce
1023 708 1173 774 incidunt
1197 728 1357 775 commemo·

359 799 513 873 rationes,
530 798 701 862 Orationes
719 796 757 859 de
775 803 919 882 tempore
936 798 1132 862 omittuntur
1146 798 1259 863 ambae.
1283 798 1320 863 hc
1332 799 1360 861 ita

358 905 487 971 semper
510 885 616 968 agitur
638 886 671 948 in
695 883 864 948 similibus.
889 882 924 948 Si
947 885 1121 971 aliquando
1139 894 1286 971 oporteat
1300 904 1361 950 com·

360 974 625 1039 memorationem
660 972 743 1037 sumi
773 992 811 1036 cx
834 971 930 1037 llissa
954 972 991 1037 ln
1014 974 1129 1038 virtute
1160 974 1201 1039 de
1225 972 1361 1039 Communi

359 1064 453 1126 unius
477 1062 649 1147 lilartyris,
674 1059 825 1124 varianda
849 1061 911 1125 erit
935 1057 1067 1125 Secreta
1091 1060 1124 1126 S.
1151 1058 1276 1137 Mariba,
1298 1061 1362 1145 cnjus

359 1150 391 1214 in
416 1151 521 1214 locum
539 1148 768 1231 subrogabitur
795 1146 860 1212 Tuo
878 1148 1009 1212 Domine
1023 1150 1252 1236 propitiatione
1277 1170 1310 1215 ex
1323 1149 1362 1212 Vo-

360 1239 433 1302 tiva.
458 1236 492 1301 Si
516 1256 591 1301 vero
615 1236 751 1320 petenda
776 1236 818 1300 sit
842 1238 1047 1321 particularis
1073 1239 1329 1304 commemoratio
1341 1256 1364 1300 cr

335 1326 455 1390 ·llissa
478 1324 660 1390 Sacerdotes
677 1324 735 1387 lici
756 1324 834 1388 item
858 1324 898 1388 de
921 1324 1088 1390 Communi
1114 1327 1210 1392 unius
1234 1326 1364 1412 Martyris,

358 1414 409 1477 vel
427 1434 465 1477 ex
481 1414 577 1477 blissa
593 1412 684 1476 Solrcs
700 1421 805 1476 outcm
825 1411 864 1475 de
882 1411 1050 1477 Communi
1073 1415 1288 1498 plurimorum
1309 1413 1365 1477 liar·

359 1511 477 1588 tyrum,
501 1500 751 1565 commutabitur
774 1499 1035 1565 Postcommunio
1053 1501 1085 1566 S.
1104 1502 1226 1577 Mariae,
1249 1522 1303 1587 pro
1324 1518 1366 1585 qua

358 1589 535 1654 substituas
551 1590 689 1675 Sumptis
712 1586 844 1651 Domine
867 1608 906 1653 ex
930 1588 1073 1673 eiusdem
1090 1589 1218 1655 Votiva.
1241 1590 1365 1654 Pittonor.

404 1676 441 1739 X.
467 1676 500 1739 Si
524 1673 607 1740 iolra
631 1674 784 1741 Octavam
814 1676 999 1761 Epiphaniae
1034 1677 1195 1743 celebrari
1231 1678 1367 1759 contingat

359 1763 490 1828 Festum
525 1763 642 1847 duplex
681 1765 792 1849 primae
827 1766 941 1829 classis
976 1764 1125 1830 obtinens
1165 1766 1367 1831 Praelationero

361 1853 540 1936 propriam,
565 1849 638 1915 haec‘
656 1852 686 1915 in
712 1853 813 1936 ipsius
837 1852 933 1917 blissa
958 1852 1188 1930 adhibebitur,
1216 1850 1368 1919 Commoni-

363 1949 466 2003 cnntes
491 1946 597 2002 tameo
620 1940 682 2003 erit
706 1939 745 2003 de
767 1940 965 2026 Epiphania:
992 1940 1077 2025 quod
1097 1941 1222 2027 jugiter
1250 1944 1281 2007 in
1303 1940 1368 2006 simi·

361 2026 447 2091 libus
470 2028 646 2112 peragitur.
1404 2073 1406 2120 t

405 2114 458 2179 Xl.
483 2114 647 2179 Dominica
670 2114 754 2179 inira
778 2113 931 2180 Octavam
955 2116 1142 2202 Epiphaniae
1166 2118 1222 2184 illa
1247 2125 1369 2201 estque

312 2255 316 2262 .
358 2203 462 2289 prima
486 2203 628 2268 occurrit
651 2211 724 2288 post
750 2203 934 2289 Epiphaniae
958 2204 1099 2272 Festum.
1129 2205 1175 2270 Ee
1200 2226 1238 2271 ea
1261 2206 1295 2271 fit
1314 2201 1369 2269 ub·

246 2373 248 2379 Ι
360 2312 445 2357 crum
462 2293 494 2356 in
511 2311 746 2377 quamcumque
764 2292 848 2356 diem
866 2291 993 2357 Octavae
1013 2294 1172 2359 inciderit.
1192 2294 1287 2359 Rrrbr.
1310 2291 1369 2356 Con

360 2380 538 2466 Epiphania
561 2379 689 2445 advenit
720 2379 769 2445 die
793 2379 979 2458 Dominica,
1005 2379 1151 2448 Oilioium
1175 2391 1210 2448 et
1233 2382 1322 2446 llissa
1342 2377 1369 2442 de

359 2467 525 2534 Dominica
542 2468 747 2533 celebrantur
763 2467 904 2534 Sabbato
928 2472 1086 2555 sequenti,
1112 2479 1146 2535 ut
1170 2469 1255 2535 inira
1277 2469 1322 2534 die
1341 2465 1369 2530 lt

361 2555 496 2621 dicetur.
532 2555 567 2621 ln'
592 2555 702 2621 omero
737 2563 767 2620 et
803 2556 899 2622 Missa
924 2557 1097 2622 Dominica
1129 2556 1215 2623 inira
1239 2557 1368 2623 Octavam

359 2643 545 2729 Epiphaniae
569 2646 676 2710 locum
701 2643 797 2709 habet
821 2647 1085 2710 commemoratio
1101 2644 1276 2731 Simplicis,
1293 2646 1317 2709 si
1331 2661 1367 2707 oo·

360 2741 479 2806 currat,
503 2742 580 2816 puta
604 2731 636 2796 S.
654 2732 779 2818 Hygini.
804 2730 950 2798 Oliioium
975 2733 1108 2819 hujusce
1132 2733 1314 2807 Dominica,
1334 2747 1368 2795 ra·

360 2819 447 2883 tione
464 2819 592 2883 Octavae
615 2819 811 2904 Epiphaniae,
836 2820 921 2885 cedit
945 2822 1111 2887 clnrntaxat
1134 2822 1313 2888 occurrenti
1332 2817 1370 2882 du·

361 2906 437 2991 plici
461 2907 572 2991 primae
596 2909 730 2982 classis;
760 2928 822 2992 quo
847 2929 923 2974 casu
949 2909 987 2973 de
1010 2908 1176 2976 [lominica
1202 2923 1370 2979 commemo·

361 2994 444 3058 ratio
468 2995 574 3076 agitur
598 2993 687 3081 (orate
706 2997 1034 3061 commemorationem
1061 2997 1202 3084 Octouoe)
1228 3000 1260 3063 in
1275 2997 1369 3079 Vespe-

361 3081 407 3144 ris
425 3079 442 3166 -(
458 3083 554 3146 etiam
578 3083 737 3158 secundis
762 3085 823 3148 nisi
846 3085 933 3149 aliud
962 3094 1115 3169 sequatur
1135 3086 1259 3172 duplex
1281 3084 1370 3170 prima

361 3169 485 3234 classis.
503 3169 643 3234 Pittonns
655 3172 676 3253 )‚
700 3171 862 3237 Laudibus
887 3181 919 3237 et
936 3173 1031 3238 blissa
1049 3193 1121 3238 cum
1142 3194 1226 3239 nona
1243 3173 1370 3238 Lectione

361 3257 400 3321 de
424 3257 555 3322 homilia
579 3258 619 3322 ad
644 3259 845 3335 blatutinum‚
869 3269 901 3324 et
925 3261 1097 3344 Evangelio
1123 3261 1269 3346 ejusdem
1286 3255 1370 3325 boni·

331 3372 333 3376 ¹
361 3346 441 3411 nicae
457 3347 490 3410 in
507 3346 569 3410 linc
585 3347 698 3411 blissae:
724 3349 850 3414 initium
874 3368 948 3412 vero
966 3348 1118 3433 Epistulae
1144 3351 1257 3434 primm
1280 3348 1318 3414 ad
1332 3345 1371 3410 Co·

331 3461 333 3466 s
359 3434 497 3498 rintbios
515 3433 707 3500 transfertur
724 3437 756 3498 in
774 3437 856 3501 diem
881 3438 1061 3521 proximam
1078 3439 1175 3502 simili
1193 3437 1370 3524 duplicium

361 3523 558 3606 impeditam,
583 3523 779 3606 alioquinin
804 3524 1064 3610 subsequentem.

408 3609 476 3676 Xll.
502 3611 569 3676 Ouo
602 3610 654 3674 hic
678 3609 873 3676 advertenda
906 3621 981 3676 stant
1012 3634 1049 3678 ex
1074 3611 1225 3678 Robrica.
1250 3613 1371 3677 Primum

364 3696 397 3760 id
421 3704 489 3761 est:
523 3706 693 3782 postquam
718 3707 821 3784 coepta
845 3699 942 3765 luerit
969 3701 1031 3785 legi
1055 3701 1200 3786 Epistola
1225 3701 1325 3787 prima
1344 3692 1371 3760 ad

362 3783 554 3862 Corinthios,
578 3786 763 3870 quotidiana
786 3788 873 3852 illius
890 3789 996 3865 lectio,
1024 3791 1245 3874 praetermissa
1267 3786 1372 3874 penitus

361 3870 504 3956 Epistola
528 3873 568 3937 ad
591 3873 763 3950 Romanos,
788 3875 978 3960 producitur
1002 3896 1104 3962 usque
1129 3876 1169 3942 ad
1194 3876 1371 3942 [lominicau

361 3958 545 4024 secundam.
564 3961 711 4027 Alterum
733 3962 795 4028 hoc
819 3972 883 4028 est:
903 3973 976 4048 post
999 3963 1144 4030 Officium
1171 3964 1210 4030 de
1228 3961 1371 4030 Dominica

360 4044 443 4115 inira
462 4045 624 4127 Octavam,
642 4051 871 4119 continuantur
888 4051 1015 4119 Octavoe
1034 4053 1101 4119 dics
1127 4053 1242 4121 eudem
1258 4063 1369 4120 numero
