3484 4875
609 514 702 561 araur
718 513 783 559 vnr.
802 514 840 561 aa
857 512 954 560 urssrs
972 513 1133 560 annianus
1321 497 1385 566 toa

330 618 489 695 Carmeia,
506 616 545 684 de
563 617 620 684 SS.
637 620 784 694 Rosario,
802 639 838 683 ac
857 619 1029 684 novissima
1047 619 1085 685 de
1102 618 1312 686 Immaculata
1329 620 1409 689 Con·

330 709 488 794 ceptione,
513 727 572 772 cen
593 709 698 772 votiva
722 707 785 773 dici
809 715 926 791 potest,
950 708 1083 771 mutatis
1108 715 1214 773 tamen
1232 710 1406 787 mutandis,

330 796 374 862 nti
399 815 478 860 mox
501 796 745 881 explicabimus.
769 794 909 860 Merutus
933 795 1065 859 tritanu
1089 817 1119 859 a.
1139 796 1190 859 50.
1215 794 1358 882 Denique
1380 800 1409 864 si

330 884 514 970 postuletur
538 884 675 948 seorsim
696 883 794 947 Missa
818 884 923 946 votiva
947 882 986 946 de
1010 881 1042 947 S.
1062 882 1156 947 Petro
1181 883 1335 968 Apostolo
1359 887 1408 951 vel

330 972 468 1037 seorsim
493 967 532 1034 de
557 969 589 1034 S.
608 971 707 1035 Paulo
732 971 795 1052 logi
818 972 923 1034 votiva
948 977 1055 1054 potest
1080 970 1206 1057 utrique
1229 973 1408 1038 communis

330 1078 401 1125 tum
424 1059 605 1123 intentione
628 1078 702 1123 eum
726 1056 868 1132 colendi,
893 1058 925 1121 in
949 1055 1040 1141 cnjus
1064 1058 1301 1123 venerationum
1325 1060 1406 1145 peti·

329 1154 390 1214 tur.
415 1144 558 1210 Merotus
588 1145 608 1210 l.
633 1145 683 1211 cit.
715 1168 744 1209 u.
769 1144 823 1209 25.
848 1144 943 1208 Missa
975 1145 1079 1208 votiva
1111 1143 1150 1209 de
1181 1146 1252 1209 aliis
1280 1145 1408 1213 Sanctis

329 1234 469 1301 sumitur
500 1232 539 1299 de
570 1232 760 1306 Communi,
792 1233 854 1296 nisi
884 1232 1015 1317 propria
1046 1239 1196 1316 suppetat
1227 1233 1408 1300 Celebranti

329 1340 499 1394 conoessa;
517 1321 650 1386 mutatis
675 1330 781 1385 tamon
805 1322 838 1384 iu
863 1328 999 1403 utroque
1023 1338 1100 1383 casu
1124 1320 1295 1393 mutandis,
1313 1332 1409 1406 prout

329 1410 486 1494 temporis
508 1409 649 1494 qualitas
673 1408 787 1491 exiget.
806 1406 1023 1487 Quamobrem
1048 1406 1074 1469 si
1100 1416 1244 1492 tompore
1262 1407 1408 1475 Pasclrali

329 1503 478 1582 oporteat
501 1497 632 1561 Missam
664 1496 803 1559 votivam
827 1495 890 1559 dici
914 1494 1093 1579 cujuspiam
1118 1494 1285 1579 Apostoli,
1317 1497 1407 1583 cujus

329 1583 462 1649 Festum
486 1592 577 1649 extra
602 1592 728 1669 tempus
745 1582 901 1647 Pascbalo
926 1582 1119 1655 celebratur,
1146 1601 1182 1647 ea
1206 1585 1344 1649 sumitur
1368 1604 1407 1651 ex

329 1669 423 1735 Festo
450 1670 482 1736 S.
507 1671 605 1736 Marci
618 1670 672 1735 ‘25
698 1670 836 1755 ApriliS,
861 1690 933 1735 eum
958 1668 1186 1744 Orationibus,
1210 1670 1354 1756 Epistola
1377 1683 1409 1738 et

329 1757 503 1842 Evangelio
524 1778 563 1823 ex
579 1758 675 1824 Missa
700 1759 840 1843 propria.
857 1757 970 1823 Votiva
994 1757 1200 1822 nibilominus
1225 1757 1257 1823 S.
1275 1758 1407 1827 loannis

329 1846 387 1931 dp.
413 1854 447 1911 et
470 1845 525 1911 Er.
552 1846 664 1911 eadem
687 1846 750 1910 crit
780 1865 851 1930 quaa
886 1846 918 1910 in
942 1846 1028 1909 illius
1061 1844 1154 1909 Festo
1179 1845 1406 1933 antepartum

329 1932 485 1998 Latinam.
510 1932 629 1999 Contra
652 1934 679 1998 si
704 1941 794 1998 extra
826 1941 952 2017 ternpus
976 1931 1132 1997 Pasclrale
1160 1952 1241 2018 opus
1265 1936 1307 2000 sit
1330 1935 1404 2001 Mis-

329 2040 397 2086 sam
421 2022 562 2086 votivam
585 2022 648 2105 logi
672 2020 808 2106 alicujus
832 2040 870 2085 ex
894 2020 944 2086 Ss.
968 2020 1154 2105 apostolis,
1189 2041 1325 2106 quorum
1349 2022 1406 2089 Ee·

328 2116 414 2174 stum
439 2107 589 2173 Paschali
622 2118 767 2193 tempore
791 2109 931 2184 colitur,
964 2107 1187 2173 substituenda
1212 2111 1273 2174 erit
1302 2112 1406 2177 votiva

328 2194 377 2262 Ss.
395 2197 628 2281 Apostolorum
651 2197 739 2261 Petri
763 2203 796 2261 et
819 2197 920 2272 Pauli,
938 2216 1011 2260 oum
1028 2194 1245 2270 Orationibus,
1262 2196 1407 2279 Epistola

328 2292 357 2350 et
380 2284 556 2369 Evangelio
581 2305 619 2349 ex
643 2284 738 2349 Missa
762 2285 915 2370 propria;
941 2284 967 2347 si
994 2282 1088 2348 modo
1113 2282 1253 2368 excipias
1277 2283 1406 2352 Missam

328 2370 375 2439 Ss.
392 2372 537 2458 Philippi
561 2381 593 2437 et
616 2371 739 2448 Jacobi,
758 2392 828 2457 quaa
853 2372 971 2436 dicitur
996 2379 1030 2435 ut
1054 2371 1098 2436 ibi
1124 2378 1264 2448 notatur,
1282 2390 1406 2440 necnon

328 2460 458 2526 Missam
487 2461 519 2526 S.
544 2460 643 2526 Marci
679 2461 913 2544 Evangelistaa,
938 2480 1009 2544 quae
1043 2459 1161 2542 legitur
1185 2467 1220 2525 ut
1255 2460 1287 2523 in
1311 2459 1406 2528 Eesto

328 2546 359 2614 S.
374 2548 473 2615 Luca
498 2547 539 2614 18
557 2547 717 2623 Octobris,
734 2557 854 2633 praeter
878 2546 1048 2612 Orationes
1072 2556 1104 2612 et
1128 2546 1316 2631 Epistulam,
1335 2568 1406 2632 qua

328 2653 365 2701 ex
387 2637 487 2703 Missa
510 2639 641 2722 propria
666 2643 848 2701 sumuntur.
867 2633 1022 2700 Similiter
1045 2635 1072 2698 si
1093 2643 1241 2720 tempore
1258 2635 1406 2702 Pascbali

329 2724 486 2790 celebrari
503 2725 675 2807 contigerit
691 2725 821 2788 Missam
845 2724 985 2787 votivam
1008 2721 1201 2788 Sanctorum
1219 2723 1406 2809 Martyrum,

329 2829 465 2895 qnorum
489 2810 620 2877 Eestum
645 2820 734 2877 extra
752 2819 880 2895 tempus
902 2810 1059 2875 Pascbale
1085 2812 1235 2885 recurrit,
1253 2817 1303 2876 est
1326 2812 1407 2878 acci·

330 2896 443 2980 pienda
466 2919 506 2964 ex
528 2899 709 2984 respectiva
734 2897 903 2963 Communi
927 2917 986 2982 pro
1013 2905 1159 2983 tempore
1184 2898 1342 2973 Pascbali,
1367 2900 1406 2964 iis

333 2990 435 3051 umen
451 3006 582 3071 semper
597 2987 743 3059 retentis,
765 3006 835 3071 quae
851 2986 996 3070 ipsorum
1010 2984 1114 3050 Missae
1131 2986 1196 3051 siat
1218 2987 1365 3071 propria:
1389 3007 1407 3052 e

334 3089 483 3138 converso
507 3084 614 3138 autem
638 3092 673 3138 se
698 3093 749 3138 res
771 3072 878 3147 babet,
896 3092 968 3137 cum
986 3081 1077 3137 extra
1101 3081 1228 3158 tempus
1252 3073 1407 3139 Paschale

335 3159 431 3225 votiva
454 3160 639 3226 celebratur
663 3159 856 3226 Sanctorum
881 3160 1080 3245 Martyrum,
1110 3180 1248 3245 quorum
1273 3159 1404 3225 Festum

336 3241 475 3312 Pascbali
499 3255 644 3333 tempore
669 3249 786 3332 agitur.
804 3246 837 3311 Si
861 3246 894 3310 in
919 3247 1014 3310 Missa
1039 3245 1123 3310 adsit
1146 3246 1302 3312 lntroitus
1321 3246 1402 3310 Gora·

341 3329 477 3410 miuus,
508 3335 564 3400 ille
588 3335 770 3410 omittitur,
794 3342 826 3399 et
849 3335 932 3399 alter
956 3332 1126 3398 adhibetur
1150 3333 1189 3398 de
1213 3332 1405 3408 Communi,

342 3418 391 3483 nisi
418 3441 512 3522 secus
536 3422 667 3506 proprio
696 3422 728 3489 ia
760 3423 831 3488 loco
863 3420 1058 3494 adnotetur;
1089 3420 1250 3519 omittitur
1280 3438 1407 3504 qnoque

344 3502 490 3591 Sequentia
515 3510 542 3573 si
566 3509 658 3574 adest
681 3507 741 3594 (S.
765 3508 802 3574 ll.
829 3508 861 3574 C.
888 3509 929 3574 td
954 3508 1038 3595 Sept.
1064 3506 1149 3572 1675
1174 3529 1206 3571 ιιι
1233 3505 1405 3572 Corduben.

346 3591 376 3654 td
394 3594 448 3681 1),
471 3616 598 3662 necnon
622 3597 755 3662 verbum
778 3595 890 3671 Hodie,
914 3594 1065 3660 bodicrao
1089 3593 1140 3658 die
1163 3594 1213 3658 vel
1237 3593 1343 3658 simile
1368 3614 1403 3660 ιι-

346 3672 496 3769 licumque
518 3683 701 3768 reperitur:
728 3703 787 3749 vox
810 3703 886 3748 vero
911 3682 1083 3758 Natalitio,
1107 3680 1294 3757 Ecstioitas,
1318 3681 1405 3746 Sole·

349 3767 438 3859 badas
461 3779 534 3846 cta,
560 3778 705 3836 mutatur
728 3771 761 3836 in
785 3790 896 3835 vocem
919 3768 1074 3836 Memorio
1099 3778 1154 3835 aut
1173 3767 1405 3835 Commemora-

351 3856 388 3916 tro.
406 3857 435 3923 S.
458 3859 495 3925 lt.
524 3858 556 3925 0.
581 3859 625 3923 OE
659 3858 731 3924 beo.
758 3856 843 3923 1653
876 3858 907 3922 ia
937 3856 1054 3921 Vilacu.
1079 3857 1121 3920 ud
1154 3858 1184 3922 5.
1214 3854 1291 3920 Vide
1319 3857 1407 3941 iufra

351 3947 396 4030 ut
416 3944 458 4011 lb
478 3946 552 4011 dou.
575 3967 606 4010 a.
630 3944 687 4010 lv.
713 3943 875 4011 Graduale
899 3952 1028 4018 autem,
1052 3942 1100 4024 ll·
1125 3943 1175 4010 vel
1199 3941 1352 4019 Tractus,
1376 3941 1406 4007 si

352 4036 375 4085 u
391 4035 512 4118 proprio
537 4032 733 4107 denotante
758 4031 926 4099 Communi
950 4031 1164 4118 accipiuntur,
1182 4049 1219 4098 ac
1242 4050 1302 4116 pro
1327 4038 1405 4097 tcm-

353 4115 417 4189 toris
437 4121 591 4189 varietate
616 4119 830 4187 alternantur.
