3484 4875
551 507 773 555 inscripturus
789 508 819 554 rx
834 507 925 554 rrsrn
942 508 1058 554 innius
1250 487 1310 556 tat

328 616 451 701 propriu
469 622 504 682 ut
526 614 673 683 videlicet
695 617 723 682 si
746 613 888 681 ordinem
906 615 1048 681 historie
1071 620 1190 691 tenent,
1206 616 1337 682 recitari

328 694 461 782 teneant,
485 703 636 781 adbibita,
660 712 815 791 quatenus
836 723 916 858 opus
939 706 991 781 eit,
1015 702 1283 791 transpositione}
1308 708 1335 770 si

328 792 444 859 ninimc
468 794 611 860 ordinem
635 794 726 860 illum
750 811 851 879 praese
865 801 968 868 erunt,
985 793 1161 859 recitentur
1186 801 1280 879 prout
1304 796 1335 859 in

328 874 474 949 treviario
498 892 572 948 sunt
595 882 766 948 distributi.
793 881 992 947 Constitui
1016 904 1041 948 6.
1067 881 1107 948 59
1132 881 1201 948 ott
1225 905 1254 948 u.
1279 883 1311 948 1.

367 971 399 1036 ll.
422 972 551 1037 Festum
575 969 607 1036 S.
631 970 867 1053 Hermenegildi
890 971 956 1035 sive
979 970 1160 1037 celebretur
1192 979 1336 1057 tempore

328 1053 464 1126 Paschati
498 1062 564 1125 sive
594 1080 678 1136 uon,
713 1059 879 1125 Lectiones
910 1060 995 1124 tertii
1025 1058 1178 1126 Nocturni
1210 1062 1338 1147 semper

328 1150 431 1214 ·etinet
461 1148 500 1213 de
528 1148 659 1213 bomilia
683 1148 715 1213 in
739 1146 944 1232 Evangelium
974 1147 1009 1213 Si
1030 1148 1098 1234 qais
1122 1149 1211 1214 uenit.
1245 1148 1336 1228 Quod

328 1230 522 1322 luangelium
545 1238 577 1301 iu
601 1237 696 1301 llissa
721 1255 845 1322 quoque
874 1235 971 1323 (que
1001 1245 1090 1302 extra
1121 1245 1247 1323 tempus
1277 1238 1336 1320 Pa·

328 1324 422 1390 tebale
446 1327 507 1391 erit
529 1325 566 1390 ln
589 1326 700 1390 uirtute
724 1325 763 1389 dc
788 1325 953 1389 Communi
978 1344 1051 1389 cum
1083 1324 1234 1391 Oratione
1266 1346 1338 1411 prc-

328 1414 412 1500 1616)
435 1434 563 1500 semper
586 1413 804 1500 usurpabitur.
828 1413 859 1478 S.
885 1413 920 1478 lt.
941 1413 1335 1481 θ.17166.16751)666.

328 1519 419 1573 tener.

349 1626 389 1639 ·—
405 1590 428 1656 1.
442 1592 634 1657 Sanctorum
647 1589 820 1677 Martyrum
835 1589 970 1655 'libentii
988 1598 1019 1655 et
1032 1588 1198 1657 Sociorum
1211 1592 1243 1657 in
1255 1590 1337 1671 Que-

328 1673 496 1764 lragesima
520 1681 625 1765 agitur
648 1687 772 1744 tantum
789 1679 1068 1754 commemoratio3
1085 1689 1174 1746 extra
1192 1678 1335 1759 Quadra·

328 1770 468 1845 tesimam
493 1767 636 1834 Officium
659 1768 853 1853 persolvitur
878 1776 912 1832 ut
936 1767 1018 1835 inira
1041 1789 1072 1833 n.
1096 1768 1154 1843 lll;
1178 1788 1215 1834 ac
1240 1769 1335 1837 llissa

328 1864 366 1921 est
388 1867 421 1924 ut
445 1859 476 1923 iu
493 1857 613 1923 blissali
629 1855 689 1921 hac
705 1857 774 1942 ipsa
791 1856 852 1921 die.
869 1855 926 1921 Sin
943 1866 1032 1922 extra
1050 1854 1337 1942 Quadragesimaur

328 1939 367 2009 lie
387 1946 447 2012 bae
471 1945 720 2033 Se.„llartyr.um
745 1944 830 2010 atiud
862 1946 1042 2011 celebretur
1070 1945 1220 2023 Festum,
1251 1948 1337 2033 quod

328 2050 378 2112 ron
401 2037 443 2100 sit
466 2034 583 2120 duplex
605 2034 717 2119 primae
740 2034 865 2111 classis,
890 2035 1335 2103 ultracommemorationem

328 2123 469 2189 ’ecitatur
491 2143 574 2188 nona
598 2123 739 2206 ipsorum
756 2122 874 2187 Lectio.
893 2123 950 2189 Ubi
967 2144 1041 2189 uero
1059 2122 1203 2190 Ollicium
1220 2124 1336 2191 borum

328 2207 365 2276 is.
388 2212 563 2299 llartprurn
588 2214 652 2275 ritu
678 2211 796 2296 duplici
819 2213 984 2296 peragitur
1006 2212 1055 2277 uel
1079 2212 1280 2298 semiduplici
1298 2234 1337 2279 ac

330 2301 508 2366 ransiertur
531 2304 618 2365 extra
646 2308 770 2385 tempus
795 2299 958 2376 paschale,
982 2301 1099 2384 iegitur
1115 2300 1134 2366 8
1151 2301 1180 2385 ri.
1199 2300 1276 2367 Hrec
1293 2313 1336 2368 eet

328 2404 387 2454 tero
410 2389 604 2456 Frateruitos
628 2398 688 2454 etc.
716 2388 844 2455 Consule
873 2410 945 2476 perce
973 2388 1197 2454 declaravimus
1221 2390 1270 2456 die
1295 2391 1335 2458 16

328 2471 384 2542 lon.
407 2503 438 2543 n.
456 2479 481 2544 l.
503 2479 598 2543 llissa
622 2487 728 2543 autem
751 2486 800 2542 est
822 2477 919 2543 lutret
943 2498 1014 2544 cum
1032 2476 1247 2556 Orationibus,
1265 2501 1335 2567 quac

328 2569 453 2653 troprire
476 2568 508 2631 in
532 2567 651 2631 blissali
674 2565 734 2631 hac
758 2566 809 2630 dic
831 2575 1015 2653 suppetunt.

360 2656 396 2722 ll.
421 2655 530 2722 Officio
555 2655 638 2720 Festi
662 2655 817 2740 simplicis
839 2656 929 2721 locus
953 2655 1343 2740 (1666666611661166166Ι

328 2754 421 2812 ›ortet
443 2743 587 2811 Oilicium
612 2763 723 2808 norem
747 2743 943 2821 Lectionum,
967 2745 1016 2810 rel
1041 2744 1079 2809 de
1103 2742 1135 2808 S.
1168 2744 1268 2810 Maria
1300 2746 1333 2810 in

328 2829 465 2908 Sabbata,
488 2835 538 2899 rel
561 2831 601 2897 de
624 2831 723 2896 Feriis
746 2832 925 2909 AdventuS,
950 2832 1230 2918 postramanuu,
1254 2832 1334 2913 Qua·

328 2942 388 2988 uor
410 2924 612 3009 Temporum,
637 2920 676 2986 de
699 2922 837 2986 secunda
861 2922 1084 3006 Rogatianum,
1109 2921 1220 2988 uelde
1249 2921 1333 3009 Vigi-

333 3010 377 3076 iis.
401 3012 495 3076 Rtrbr.
521 3011 565 3076 tit.
591 3010 609 3074 5
634 3031 664 3074 u.
691 3007 706 3072 1
733 3019 762 3074 61
785 3011 829 3075 tit.
855 3011 874 3075 5
898 3034 928 3076 n.
954 3011 982 3076 1.

360 3099 410 3164 lll.
434 3100 563 3165 Festum
587 3099 721 3183 simplex
744 3099 864 3184 primas
888 3107 1011 3165 tantum
1035 3098 1131 3166 habet
1162 3099 1331 3186 Vesperas,

328 3186 352 3252 Lu
372 3189 483 3274 quibus
506 3188 682 3254 recitantur
707 3186 823 3252 Psalmi
840 3187 939 3253 Feriae
957 3189 1125 3265 currentis,
1140 3195 1179 3254 ut
1193 3190 1224 3253 in
1243 3188 1331 3253 Psal-

328 3277 405 3354 terio‚
428 3285 460 3342 et
482 3298 501 3343 a
524 3276 669 3361 Capitulo
692 3274 727 3339 tit
750 3275 789 3340 de
812 3275 916 3353 Festo,
940 3284 975 3341 ut
997 3295 1036 3341 ex
1057 3276 1233 3353 Communi,
1251 3296 1331 3361 prae-

328 3366 368 3430 ter
381 3367 508 3453 propria
524 3367 551 3430 si
579 3364 693 3429 adsint.
722 3365 763 3431 At
790 3365 817 3430 si
845 3364 895 3429 die
918 3365 1067 3430 hesterna
1095 3363 1239 3430 Ollicium
1264 3383 1335 3450 pere

328 3460 420 3521 actum
444 3455 486 3520 sit
509 3454 625 3538 duplex
647 3461 703 3518 aut
725 3452 932 3539 semiduplex‚
950 3453 988 3517 de
1005 3453 1143 3538 simplici
1167 3451 1332 3517 dumtaxat

328 3542 418 3624 agitur
441 3542 724 3617 commemoratio,
759 3563 830 3628 quiae
863 3541 1067 3607 nibilominus
1096 3542 1281 3627 praeteritur
1304 3541 1332 3605 si

328 3632 497 3710 precedens
521 3631 653 3698 Festum
676 3628 735 3696 luit
758 3631 873 3716 duplex
896 3631 1007 3716 primae
1031 3630 1154 3696 classis.
1187 3627 1233 3695 Ad
1265 3629 1329 3694 lla·

328 3720 451 3787 tatinum
474 3720 696 3787 laritatorinnr
719 3726 750 3784 et
773 3719 915 3806 Hymnus
939 3718 1024 3784 Festi
1047 3718 1202 3804 simplicis
1226 3726 1275 3785 est
1298 3726 1332 3783 ut

328 3801 667 3886 16166666611616166
682 3808 828 3875 subditur
844 3808 1041 3880 Nocturnum
1058 3806 1158 3873 Feriae
1174 3807 1332 3874 currentis

328 3900 358 3958 nt
377 3899 405 3964 in
427 3899 595 3977 Psalterio‚
614 3906 680 3964 tum
704 3897 832 3963 additur
854 3897 882 3979 i.
907 3897 946 3962 de
968 3895 1098 3970 Sancto,
1121 3903 1157 3962 ut
1171 3897 1204 3962 in
1221 3897 1331 3982 quavis

329 3973 407 4053 terta
429 3988 604 4054 exhibetur.
628 3985 794 4052 nhsotnuo
810 4006 828 4050 6
843 3984 935 4052 Feria
959 3986 1100 4051 currenti
1121 3985 1256 4072 petenda
1273 3993 1331 4060 est,

328 4081 429 4164 'tempe
451 4076 542 4143 Feria
566 4076 594 4142 ll
611 4084 643 4140 et
664 4074 691 4139 V
708 4082 762 4194 ‘est
783 4073 919 4154 Focudi,
936 4074 1030 4142 Feria
1050 4073 1093 4141 lll
1117 4081 1149 4142 et
1171 4073 1212 4141 vt
1233 4073 1333 4163 ipsius
