3484 4875
571 518 665 568 catur
682 523 722 568 vr.
738 517 777 567 oc
793 514 1122 568 aouuauonnrronmus
1324 501 1365 569 aa

329 627 404 693 cundi
426 630 489 694 erit
511 624 616 715 prima
640 648 678 693 ex
702 627 1062 694 commemorationibus
1097 627 1287 705 antedictis;
1324 637 1389 697 ter·

328 715 355 779 tii
373 716 518 793 secunda,
542 726 638 803 atque
660 718 706 781 ita
729 737 847 803 porro:
874 736 932 781 nec
957 737 1019 781 non
1044 716 1115 782 aliis
1151 719 1279 783 casibus
1304 719 1384 784 ordo

325 803 464 889 ejusmodi
496 806 557 870 erit
581 805 750 890 aptandus.
774 804 833 869 Hic
850 804 929 869 ordo
954 802 1234 891 (circumstantiis
1251 808 1387 892 pariter,

323 902 405 974 prout
427 912 508 979 opus
532 890 639 969 fuerit,
664 891 919 978 accomodatus)
943 912 1075 957 necesse
1107 900 1155 957 est
1179 901 1213 959 ut
1239 904 1389 960 servetur

321 997 435 1067 quoque
457 984 491 1047 in
515 979 682 1065 Suffragiis
718 980 954 1056 communibus,
978 981 1024 1045 ita
1055 982 1203 1047 utnulla
1238 983 1270 1047 in
1307 984 1388 1067 ipsis

319 1069 490 1155 Antiphone
515 1079 571 1135 aut
592 1069 633 1151 i,
653 1068 721 1154 jam
757 1070 861 1134 dictus
885 1070 918 1133 in
942 1066 1055 1133 eadem
1079 1067 1181 1134 Officii
1206 1078 1316 1155 parte,
1340 1090 1388 1136 re·

319 1165 447 1237 petatur.
471 1157 569 1222 Rubr.
590 1157 694 1244 pecul.
719 1180 750 1221 n.
776 1157 829 1222 65.
855 1155 1092 1221 Advertendum
1123 1165 1230 1222 tamen
1254 1166 1303 1223 est
1327 1160 1389 1225 An·
1460 1194 1468 1200 -

319 1244 458 1331 tipbonas
482 1246 523 1310 ad
546 1245 730 1309 Benedictus
754 1244 794 1309 dc
818 1244 986 1309 Communi
1004 1242 1205 1309 Confessoris
1224 1246 1386 1312 Pontiticis

319 1340 344 1397 at
364 1354 427 1399 non
451 1332 615 1400 Pontificio
638 1332 733 1418 piane
757 1351 828 1397 csse
852 1334 1006 1408 diversas,
1032 1353 1068 1397 ac
1092 1334 1227 1418 proinde
1251 1335 1388 1399 alteram

319 1438 368 1503 pro
392 1419 516 1497 Officio,
540 1422 676 1486 alteram
699 1441 757 1507 pro
783 1422 1090 1485 commemoratione
1108 1428 1195 1485 recte
1215 1421 1387 1488 deservire,

319 1508 386 1574 Coo.
409 1519 482 1575 sect.
508 1510 527 1573 5
552 1532 578 1573 c.
604 1510 641 1573 ii
669 1532 699 1573 n.
724 1509 778 1573 29.
803 1508 893 1572 idem
916 1508 1118 1573 sentiendum
1144 1516 1193 1573 est
1226 1508 1264 1573 rie
1296 1511 1387 1575 Anti·

320 1596 413 1663 rbona
438 1597 565 1663 Amavit
588 1598 620 1662 in
643 1596 794 1663 secundis
818 1595 969 1681 Vesperis
987 1595 1187 1661 Coniessoris
1210 1597 1393 1675 Pontificis;

319 1692 340 1751 rt
363 1685 403 1751 de
427 1686 455 1768 pi.
480 1686 629 1758 Amnoit;
661 1685 798 1770 ideoque
823 1692 996 1769 utrumque
1021 1705 1080 1770 pro
1104 1685 1217 1750 eadem
1247 1706 1387 1753 comme-

319 1776 489 1839 noratione
513 1775 632 1860 poterit
656 1773 812 1837 adhiberi.
837 1773 919 1837 Item
944 1774 1128 1859 Antiphone
1145 1774 1253 1839 Sancti
1268 1785 1297 1838 et
1307 1777 1390 1861 just-i

319 1861 347 1927 ni
370 1861 554 1948 Magnifiaot
577 1863 610 1927 in
633 1859 782 1926 secundis
806 1860 957 1946 Vesperis
981 1870 1013 1925 et
1036 1861 1064 1943 i.
1088 1862 1195 1940 Sancti
1212 1873 1241 1927 et
1251 1864 1334 1948 justi
1349 1867 1384 1930 in

319 1950 421 2015 trimis
445 1950 596 2035 Vesperis
620 1950 796 2037 Martyrum
816 1956 961 2033 tempore
978 1949 1125 2014 Paschaii
1143 1952 1293 2037 usurpari
1311 1972 1387 2036 que·

319 2047 364 2104 rnt
389 2040 423 2103 in
447 2038 561 2104 eadem
585 2036 688 2102 Officii
711 2046 815 2123 parte,
839 2045 980 2103 attamen
1007 2058 1065 2123 pro
1091 2037 1216 2103 diversa
1247 2059 1386 2105 comme·

319 2128 499 2193 roratione.
523 2128 692 2213 Nequeunt
714 2146 773 2212 pro
791 2127 1096 2191 commemoratione
1115 2126 1248 2201 eadem;
1267 2129 1341 2211 quia
1358 2132 1386 2193 si

319 2214 488 2301 ipipbania
511 2216 544 2279 in
568 2214 694 2281 Feriam
719 2214 849 2279 tertiam
882 2213 1052 2289 adveniat,
1078 2213 1218 2279 Robrica
1249 2214 1384 2281 Sabbati

320 2305 473 2389 equentis
496 2303 660 2368 immutari
681 2302 773 2387 jubet
788 2301 815 2383 i.
836 2302 947 2367 Omnes
972 2308 1081 2387 utpote
1098 2322 1232 2386 prorsus
1249 2304 1389 2368 similem

319 2391 502 2478 tntiphonac
525 2394 566 2456 ad
589 2389 781 2478 Magnificat.
806 2388 935 2470 Queunt
959 2410 1035 2454 vero
1060 2409 1119 2476 pro
1154 2410 1387 2457 commemora·

321 2481 395 2546 ione
421 2480 569 2554 diversa;
606 2481 680 2565 quia
716 2499 788 2545 cum
826 2498 1003 2544 concursus
1039 2478 1177 2544 duorum
1211 2478 1389 2566 Mortpirum

320 2588 456 2654 empore
479 2567 627 2633 Paschaii
660 2569 702 2632 sit
733 2567 907 2632 admodum
934 2565 1096 2652 irequenS,
1121 2568 1149 2631 si
1172 2567 1200 2648 pi.
1226 2568 1335 2632 Sancti
1357 2579 1388 2632 et

320 2658 384 2722 esti
396 2657 470 2722 ideo
484 2654 568 2722 foret
580 2657 821 2743 expungendus,
840 2655 925 2741 quod
942 2654 1127 2741 antiphona
1139 2654 1247 2720 Sancti
1265 2666 1296 2720 at
1305 2656 1388 2740 justi

319 2756 375 2811 rro'
390 2747 699 2811 commemoratione
722 2745 764 2809 sit
789 2744 956 2819 adbibita,
981 2742 1125 2831 proiecto
1158 2743 1191 2808 id
1224 2743 1386 2821 Rubriae,

319 2833 580 2920 {uemadmodum
597 2835 629 2898 in
646 2833 787 2898 Sabbata
805 2832 1000 2918 Epiphaniae,
1018 2834 1274 2918 praemonuisset;
1298 2836 1387 2919 atqui

319 2944 339 2988 n
365 2943 443 2988 casu
468 2930 580 2988 nostro
603 2923 636 2986 id
660 2923 790 2986 minime
815 2922 978 3007 praestitit,
995 2922 1041 2986 uti
1059 2922 1166 2986 videre
1191 2929 1240 2986 est
1261 2923 1293 2986 in
1311 2923 1387 2987 Bre-

320 3011 409 3076 tiario
436 3011 495 3076 sub
520 3011 632 3076 dicbus
658 3010 698 3074 ib
716 3019 748 3075 et
764 3011 807 3075 at
823 3010 965 3094 Aprilis;
984 3029 1061 3093 ergo
1079 3010 1151 3075 inde
1170 3010 1245 3074 iicct
1262 3031 1387 3086 eruere,

319 3099 480 3165 rroeiutam
502 3099 719 3185 Antiphonem
744 3119 817 3163 cum
841 3098 869 3180 i.
903 3118 961 3183 pro
994 3097 1120 3163 diversa
1153 3117 1387 3164 commemora·

319 3189 396 3254 ,ione
420 3188 576 3274 permitti.
601 3186 744 3274 ldipsum
768 3194 939 3252 censeatur
964 3185 1002 3249 dc
1026 3186 1209 3273 Antiphone
1226 3187 1299 3252 Luae
1311 3209 1387 3276 per-

319 3286 405 3342 retna
430 3275 471 3341 ad
486 3276 667 3364 Magnificut
683 3277 715 3339 in
732 3276 845 3360 primis
860 3273 1011 3359 Vesperis
1029 3283 1060 3339 et
1080 3274 1118 3339 dc
1135 3274 1163 3355 i.
1182 3274 1254 3339 Lnac
1270 3296 1386 3362 perpe-

319 3375 364 3429 ‘no
387 3363 522 3429 secundi
545 3365 710 3429 Nocturni.
735 3363 892 3428 Similiter
916 3364 943 3427 si
969 3363 1144 3445 contingat,
1162 3370 1198 3426 ut
1214 3362 1327 3427 cadem
1346 3364 1388 3426 sit

319 3449 423 3520 >ratio
446 3451 544 3528 Festi,
568 3453 659 3537 cujus
683 3450 828 3517 Officium
855 3451 1049 3527 celebratur,
1075 3458 1106 3515 et
1130 3452 1210 3535 eJ'us,
1233 3450 1327 3535 cujus
1352 3470 1385 3514 a·

319 3542 398 3622 ntur
422 3541 697 3616 commemoratio,
723 3548 798 3605 tunc
822 3539 917 3624 hujus
942 3537 1052 3604 Oratio
1077 3545 1222 3602 mutatur
1239 3538 1271 3601 in
1290 3539 1387 3602 aliam

319 3627 350 3694 ie
373 3629 554 3694 Communi.
580 3628 676 3693 near.
702 3629 747 3693 tit.
772 3629 791 3693 9
815 3650 846 3691 n.
871 3628 901 3693 a.
927 3626 960 3690 Si
985 3634 1092 3691 autem
1117 3646 1180 3690 una
1203 3633 1328 3691 tantum
1345 3625 1386 3692 0-

319 3717 394 3782 'atio
418 3718 451 3781 in
473 3717 644 3782 Communi
667 3723 828 3803 suppetat,
845 3725 881 3780 ut
898 3735 956 3800 pro
974 3714 1177 3790 Doctorihus,
1195 3713 1387 3790 abbatibus,

319 3804 496 3890 Virginibus
520 3813 551 3870 et
575 3826 639 3870 non
663 3803 868 3888 Virginibus:
894 3824 952 3888 pro
977 3802 1168 3868 Ductoribus
1200 3810 1232 3869 et
1255 3804 1386 3869 Abbati·

319 3892 370 3959 ius
395 3893 460 3958 alia
494 3901 601 3978 potest
636 3891 781 3957 adbiberi
816 3892 855 3957 de
886 3893 1054 3956 Communi
1078 3889 1300 3967 Confessoris;
1326 3913 1385 3979 pro

319 3980 498 4066 Virginibus
521 3990 553 4047 et
576 4001 639 4046 non
664 3979 847 4064 Virginibus
871 3990 1047 4064 usurpatur
1079 3978 1188 4045 Oratio
1218 3980 1385 4066 Indulgen-

320 4070 399 4148 xianr,
424 4071 548 4156 omissa
568 4069 728 4156 Martyria,
751 4071 802 4136 rel
832 4067 964 4156 Virginis
981 4077 1009 4134 et
1026 4067 1177 4157 Martyris
1193 4070 1383 4156 appellatio·
