3484 4875
441 455 507 521 1154
752 468 1148 518 rnorxnrnunuormmmn

458 589 566 649 menta
595 579 663 667 ejus
686 579 824 656 eoloris,
856 579 911 664 qui
934 577 1037 643 llissae
1066 578 1117 645 nel
1141 573 1252 642 Ollicio
1283 574 1456 662 respondet,
1505 595 1511 606 ·

459 677 568 737 annot.
591 670 623 735 in
647 668 730 734 Fest.
755 666 811 733 SS.
835 667 928 754 Corp.
945 666 1064 731 Christi
1086 687 1118 732 n.
1144 667 1174 731 5.
1199 664 1393 732 Sacerdosa
1412 684 1457 749 quo
1508 684 1511 725 ;

459 759 638 825 benedictio
660 758 716 823 illa
739 765 788 822 est
810 755 1030 842 impertienda,
1044 755 1175 841 jubetur
1199 753 1317 820 Alba‘m
1338 753 1459 827 induere,
1508 753 1511 815 l

461 847 584 914 Stolam
600 854 633 911 et
655 846 807 921 Pluviale,
822 844 899 910 ibid.
915 845 996 910 Ante
1020 842 1206 910 Orationem
1222 843 1308 909 Deos
1331 842 1383 929 qni
1396 842 1460 907 nobit
1509 864 1511 905 i

461 937 517 1001 sub
540 936 739 1001 Sacramenta
761 933 899 999 mirabili
920 930 1063 1019 pisserre
1083 952 1146 999 non
1169 932 1267 998 debet
1290 933 1319 1016 i.
1335 930 1461 997 Domino
1508 967 1510 972 ·

462 1025 628 1099 uobiscum,
641 1044 700 1089 nec
713 1022 898 1109 priusquam
914 1021 1015 1108 ipsam
1028 1023 1150 1097 recitet,
1163 1022 1415 1105 genuflexionem
1424 1020 1462 1083 ite

461 1132 545 1189 rare,
562 1111 637 1178 ibid.
655 1110 732 1191 Quae
755 1110 916 1176 conclusio
940 1120 989 1176 est
1011 1110 1201 1187 adhibenda,
1223 1110 1303 1176 ibid.
1319 1110 1368 1176 dn
1390 1109 1462 1174 licent

464 1200 583 1267 addere
599 1208 672 1287 post
686 1198 869 1265 Orationem
885 1198 967 1264 Deos
983 1200 1133 1284 quinctio
1149 1200 1293 1285 aliquam
1311 1199 1463 1265 Collectan

463 1298 519 1356 aut
539 1288 732 1365 Versiculos,
748 1287 823 1353 ibid.
840 1287 953 1353 Utrum
975 1287 1024 1353 fas
1048 1289 1090 1353 sit
1105 1287 1273 1353 Sacerdoti
1297 1309 1315 1353 e
1340 1286 1463 1352 manibus

463 1377 594 1443 Diaooni
617 1377 836 1443 Ostensorium
859 1376 1014 1462 accipere,
1031 1376 1105 1441 ibid.
1130 1377 1178 1442 lin
1202 1379 1235 1441 in
1260 1386 1337 1443 actu
1360 1373 1463 1441 bencdi-

464 1467 589 1543 ettonis,
605 1465 662 1533 SS.
679 1465 921 1531 Sacramentum
944 1466 986 1530 sit
1003 1465 1260 1543 thurificandum,
1279 1465 1357 1531 ibid.
1373 1464 1464 1529 lltron

464 1554 565 1641 (extra
588 1575 697 1621 casum
719 1553 848 1639 Viatici)
873 1573 963 1619 sacra
988 1554 1103 1641 Pyxide
1127 1555 1223 1620 liceat
1247 1555 1370 1641 populo
1393 1554 1464 1618 benc·

465 1644 581 1718 dicere,
604 1643 680 1709 ibid.
703 1642 782 1708 Vide
804 1641 964 1729 depositio
988 1651 1020 1707 et
1042 1642 1209 1707 Processio.

420 1732 602 1796 Benedictio
633 1731 673 1796 ad
701 1740 846 1796 octavam
877 1732 1061 1796 bontionem
1093 1733 1125 1796 in
1148 1730 1260 1796 (illicio
1295 1731 1465 1796 Sanctornn

464 1840 591 1906 semper
614 1840 684 1884 esse
707 1818 801 1885 debet
826 1818 922 1905 Cojots
945 1820 994 1884 vel
1020 1819 1158 1896 (lotorum
1181 1828 1238 1884 aut
1265 1820 1406 1896 Quarum
1425 1815 1466 1881 le-

464 1908 706 1983 stomeolimtts,
730 1916 923 1973 nouantem
949 1907 1044 1993 Cujus
1069 1908 1331 1995 (incoeptionem,
1358 1908 1465 1973 Cooocr·
1509 1905 1511 1980 ξ

466 1996 592 2085 sionem,
619 1996 873 2073 Transiutt'ooeno,
899 1996 1227 2062 Commemoratinoeoo
1256 1998 1387 2062 colimus
1413 2004 1465 2067 etc,
1509 2003 1511 2048 :

472 2085 579 2151 adnot.
602 2085 644 2150 25
668 2085 738 2151 dan.
763 2107 793 2150 n.
820 2086 849 2150 l.

425 2173 665 2240 benedictiones
692 2183 766 2241 ante
788 2174 969 2249 LectioneS,
998 2194 1142 2259 quaenam
1165 2182 1197 2238 et
1220 2194 1285 2258 quo
1309 2174 1419 2240 ordine
1436 2170 1470 2234 di·

471 2272 585 2329 eantur
607 2265 640 2328 in
663 2262 771 2330 Officio
797 2262 892 2328 trium
915 2262 1120 2337 Lectionum,
1144 2271 1251 2329 annot
1278 2274 1355 2350 post
1378 2259 1470 2349 Epiph.

468 2373 500 2417 n.
525 2352 578 2428 l5,
602 2362 633 2417 et
659 2352 765 2418 adnot.
790 2351 832 2415 ld
854 2352 931 2437 Apr.
955 2372 990 2416 m·
1009 2350 1063 2416 lll.

426 2440 617 2507 benedictus
640 2440 697 2530 (S.)
720 2442 827 2507 Abbas
850 2441 877 2505 si
900 2441 1019 2506 incidat
1041 2441 1072 2506 in
1095 2440 1194 2506 Hebd.
1212 2441 1384 2527 majorem,
1405 2436 1473 2526 apud

467 2529 639 2596 dlonachns
669 2530 769 2616 ejusd.
794 2529 903 2594 Sancti
936 2529 1126 2595 transfertur
1153 2531 1185 2595 in
1208 2529 1341 2596 Feriam
1366 2532 1474 2596 tertiato

468 2628 543 2703 post
564 2618 654 2685 Dom.
679 2621 711 2684 in
736 2618 835 2693 Albis,
852 2618 959 2684 adnot.
983 2619 1021 2684 Vl
1041 2617 1132 2684 llart.
1145 2632 1180 2682 n.
1205 2618 1229 2683 l.
1249 2617 1336 2697 Quid
1360 2621 1391 2685 in
1411 2637 1475 2704 pra

468 2707 533 2859 gata
566 2709 787 2859 oopurrentia,
817 2705 869 2772 ubi
896 2707 1052 2774 adnexum
1083 2706 1200 2772 babeat
1230 2719 1429 2796 praeceptum
1449 2706 1476 2770 io

496 2817 564 2872 oro,
588 2797 597 2860 i
622 2796 663 2860 id.
688 2818 719 2862 n.
744 2796 783 2860 ll.

424 2881 578 2950 bernardi
602 2882 660 2970 (S.)
677 2883 835 2969 quomodo
859 2834 1025 2950 ordinatur
1048 2881 1203 2958 Officium,
1221 2883 1336 2951 adnot.
1353 2886 1396 2952 20
1411 2885 1476 2966 dog.

936 3059 974 3132 G

426 3236 606 3304 tlaecutiens
638 3237 840 3324 dispensatus
863 3237 904 3303 ad
927 3236 1094 3323 legendam
1125 3239 1256 3304 ltlissam
1288 3241 1427 3305 votivam
1453 3236 1480 3300 B.

469 3327 563 3392 btv.
588 3326 680 3393 etde
703 3327 877 3412 Requie,e.
902 3327 920 3391 li
946 3328 1036 3393 nli
1059 3335 1092 3392 et
1114 3323 1481 3394 adnot.25llec.n.lV.

470 3413 552 3493 uuio
576 3417 603 3481 si
625 3416 790 3502 privilegio
807 3415 945 3499 gaudeat
967 3415 1148 3482 celebrandi
1171 3416 1368 3501 quibusdam
1385 3415 1482 3481 diebos

471 3504 617 3571 Votivam
640 3504 678 3569 de
702 3503 735 3570 S.
760 3504 870 3580 Gruce,
895 3524 921 3569 o.
948 3505 966 3569 8
992 3526 1021 3569 n.
1048 3505 1098 3570 lt.

427 3592 585 3678 Campana
610 3592 736 3675 quando
758 3594 878 3677 pulsari
895 3593 1004 3678 nequit
1026 3594 1058 3658 in
1082 3592 1241 3677 Exequiis,
1259 3591 1372 3660 adnot.
1389 3592 1481 3660 blan.

469 3701 500 3745 n.
524 3680 560 3747 V.
584 3681 778 3768 Arerulsari
810 3690 905 3767 queat
928 3681 1018 3747 Feria
1051 3683 1158 3767 quinta
1183 3682 1342 3751 in.Coena
1369 3679 1482 3748 liomioi

470 3777 542 3852 post
565 3768 719 3836 indictum
742 3770 904 3836 silentium
928 3771 967 3836 ab
991 3770 1132 3836 Ecclesia
1155 3770 1305 3849 llatrici,
1331 3782 1435 3838 annot.
1455 3768 1480 3831 in

470 3855 623 3923 Hebdom.
648 3857 802 3943 majorem
834 3880 865 3925 n.
892 3860 928 3924 ll
956 3858 1304 3939 subblandiendo
1338 3856 1480 3949 pulsanda

471 3945 502 4009 in
527 3943 667 4011 Sabbato
691 3955 812 4023 sancto,
836 3947 912 4014 ibid.
937 3969 967 4013 n.
994 3949 1044 4015 tt.

415 4031 574 4099 ,Candeloe
596 4034 779 4111 Arundinis,
796 4036 954 4120 quomodo
978 4037 1010 4104 io
1033 4056 1070 4104 ea
1093 4035 1227 4122 figendae
1245 4039 1324 4117 sint,
1342 4058 1411 4128 pag.
1427 4034 1478 4103 255

471 4124 503 4188 in
527 4129 611 4189 nota.
634 4121 712 4189 Vide
738 4123 833 4192 Cerei.
