<?xml version="1.0" encoding="UTF-8"?>
<!DOCTYPE html PUBLIC "-//W3C//DTD XHTML 1.0 Transitional//EN"
    "http://www.w3.org/TR/xhtml1/DTD/xhtml1-transitional.dtd">
<html xmlns="http://www.w3.org/1999/xhtml" xml:lang="en" lang="en">
 <head>
  <title>
</title>
<meta http-equiv="Content-Type" content="text/html;charset=utf-8" />
  <meta name='ocr-system' content='tesseract 3.04.00' />
  <meta name='ocr-capabilities' content='ocr_page ocr_carea ocr_par ocr_line ocrx_word'/>
</head>
<body>
  <div class='ocr_page' id='page_1' title='image "./kalendariumperp00carpgoog_0167.png"; bbox 0 0 3484 4875; ppageno 0'>
   <div class='ocr_carea' id='block_1_1' title="bbox 589 496 1368 567">
    <p class='ocr_par' dir='ltr' id='par_1_1' title="bbox 589 496 1368 567">
     <span class='ocr_line' id='line_1_1' title="bbox 589 496 1368 567; baseline 0.005 -7"><span class='ocrx_word' id='word_1_1' title='bbox 589 513 813 567; x_wconf 81' lang='lat' dir='ltr'>unuomrrouns</span> <span class='ocrx_word' id='word_1_2' title='bbox 829 514 859 561; x_wconf 90' lang='lat' dir='ltr'>m</span> <span class='ocrx_word' id='word_1_3' title='bbox 876 513 967 561; x_wconf 83' lang='lat' dir='ltr'>rnsru</span> <span class='ocrx_word' id='word_1_4' title='bbox 982 512 1117 562; x_wconf 83' lang='grc' dir='ltr'><strong>ιιιιιιιιι</strong></span> <span class='ocrx_word' id='word_1_5' title='bbox 1304 496 1368 565; x_wconf 79' lang='grc'>155</span> 
     </span>
    </p>
   </div>
   <div class='ocr_carea' id='block_1_2' title="bbox 353 616 1394 1767">
    <p class='ocr_par' dir='ltr' id='par_1_2' title="bbox 353 616 1394 1767">
     <span class='ocr_line' id='line_1_2' title="bbox 358 616 1390 707; baseline 0 -21"><span class='ocrx_word' id='word_1_6' title='bbox 358 626 410 690; x_wconf 89' lang='lat' dir='ltr'>tur</span> <span class='ocrx_word' id='word_1_7' title='bbox 433 616 475 690; x_wconf 87' lang='lat' dir='ltr'>de</span> <span class='ocrx_word' id='word_1_8' title='bbox 498 618 551 688; x_wconf 90' lang='lat' dir='ltr'>die</span> <span class='ocrx_word' id='word_1_9' title='bbox 574 616 657 686; x_wconf 87' lang='lat' dir='ltr'>inira</span> <span class='ocrx_word' id='word_1_10' title='bbox 674 618 827 689; x_wconf 75' lang='lat' dir='ltr'><strong>Octavam</strong></span> <span class='ocrx_word' id='word_1_11' title='bbox 850 619 1037 707; x_wconf 74' lang='lat' dir='ltr'>Epiphaniae</span> <span class='ocrx_word' id='word_1_12' title='bbox 1061 638 1134 689; x_wconf 91' lang='lat' dir='ltr'>cum</span> <span class='ocrx_word' id='word_1_13' title='bbox 1158 638 1390 687; x_wconf 88' lang='lat' dir='ltr'>commemora·</span> 
     </span>
     <span class='ocr_line' id='line_1_3' title="bbox 356 705 1389 793; baseline -0.001 -19"><span class='ocrx_word' id='word_1_14' title='bbox 356 709 441 774; x_wconf 86' lang='lat' dir='ltr'>tione</span> <span class='ocrx_word' id='word_1_15' title='bbox 463 706 528 774; x_wconf 88' lang='lat' dir='ltr'>diei</span> <span class='ocrx_word' id='word_1_16' title='bbox 544 705 628 774; x_wconf 81' lang='lat' dir='ltr'>iufra</span> <span class='ocrx_word' id='word_1_17' title='bbox 644 706 797 774; x_wconf 75' lang='lat' dir='ltr'>Octavam</span> <span class='ocrx_word' id='word_1_18' title='bbox 821 709 1062 793; x_wconf 73' lang='lat' dir='ltr'>particularem.</span> <span class='ocrx_word' id='word_1_19' title='bbox 1087 706 1178 788; x_wconf 87' lang='lat' dir='ltr'>Quod</span> <span class='ocrx_word' id='word_1_20' title='bbox 1201 709 1229 773; x_wconf 88' lang='lat' dir='ltr'>si</span> <span class='ocrx_word' id='word_1_21' title='bbox 1253 716 1327 775; x_wconf 89' lang='lat' dir='ltr'>aute</span> <span class='ocrx_word' id='word_1_22' title='bbox 1350 708 1389 773; x_wconf 85' lang='lat' dir='ltr'>ll-</span> 
     </span>
     <span class='ocr_line' id='line_1_4' title="bbox 355 794 1394 883; baseline 0 -22"><span class='ocrx_word' id='word_1_23' title='bbox 355 795 545 883; x_wconf 91' lang='lat' dir='ltr'>piphaniam</span> <span class='ocrx_word' id='word_1_24' title='bbox 568 796 687 863; x_wconf 91' lang='lat' dir='ltr'>alieubi</span> <span class='ocrx_word' id='word_1_25' title='bbox 719 816 758 862; x_wconf 85' lang='lat' dir='ltr'>ex</span> <span class='ocrx_word' id='word_1_26' title='bbox 789 797 956 882; x_wconf 88' lang='lat' dir='ltr'>privilegio</span> <span class='ocrx_word' id='word_1_27' title='bbox 980 794 1099 863; x_wconf 89' lang='lat' dir='ltr'>Octava</span> <span class='ocrx_word' id='word_1_28' title='bbox 1127 797 1234 881; x_wconf 90' lang='lat' dir='ltr'>aliqua</span> <span class='ocrx_word' id='word_1_29' title='bbox 1258 798 1394 883; x_wconf 73' lang='lat' dir='ltr'>eoeperit</span> 
     </span>
     <span class='ocr_line' id='line_1_5' title="bbox 355 882 1390 971; baseline -0.002 -20"><span class='ocrx_word' id='word_1_30' title='bbox 355 884 527 962; x_wconf 84' lang='lat' dir='ltr'>celebrari,</span> <span class='ocrx_word' id='word_1_31' title='bbox 551 882 643 970; x_wconf 86' lang='lat' dir='ltr'>eujus</span> <span class='ocrx_word' id='word_1_32' title='bbox 659 883 780 951; x_wconf 84' lang='lat' dir='ltr'>Octava</span> <span class='ocrx_word' id='word_1_33' title='bbox 803 885 871 953; x_wconf 86' lang='lat' dir='ltr'>dies</span> <span class='ocrx_word' id='word_1_34' title='bbox 895 884 1016 951; x_wconf 88' lang='lat' dir='ltr'>incidat</span> <span class='ocrx_word' id='word_1_35' title='bbox 1039 883 1122 951; x_wconf 86' lang='lat' dir='ltr'>iulru</span> <span class='ocrx_word' id='word_1_36' title='bbox 1146 883 1298 949; x_wconf 79' lang='lat' dir='ltr'>Octavam</span> <span class='ocrx_word' id='word_1_37' title='bbox 1316 884 1390 971; x_wconf 78' lang='lat' dir='ltr'>upi-</span> 
     </span>
     <span class='ocr_line' id='line_1_6' title="bbox 353 970 1389 1059; baseline 0 -22"><span class='ocrx_word' id='word_1_38' title='bbox 353 972 506 1059; x_wconf 84' lang='lat' dir='ltr'>phaniae,</span> <span class='ocrx_word' id='word_1_39' title='bbox 536 970 683 1039; x_wconf 87' lang='lat' dir='ltr'>Officium</span> <span class='ocrx_word' id='word_1_40' title='bbox 718 975 780 1040; x_wconf 88' lang='lat' dir='ltr'>crit</span> <span class='ocrx_word' id='word_1_41' title='bbox 813 973 1021 1039; x_wconf 86' lang='lat' dir='ltr'>nihilomiuus</span> <span class='ocrx_word' id='word_1_42' title='bbox 1053 973 1091 1038; x_wconf 87' lang='lat' dir='ltr'>de</span> <span class='ocrx_word' id='word_1_43' title='bbox 1115 972 1292 1059; x_wconf 75' lang='lat' dir='ltr'>Epiphania</span> <span class='ocrx_word' id='word_1_44' title='bbox 1316 991 1389 1037; x_wconf 91' lang='lat' dir='ltr'>cum</span> 
     </span>
     <span class='ocr_line' id='line_1_7' title="bbox 355 1060 1389 1147; baseline -0.001 -21"><span class='ocrx_word' id='word_1_45' title='bbox 355 1062 664 1127; x_wconf 79' lang='lat' dir='ltr'>commemoratione</span> <span class='ocrx_word' id='word_1_46' title='bbox 688 1060 750 1127; x_wconf 90' lang='lat' dir='ltr'>diei</span> <span class='ocrx_word' id='word_1_47' title='bbox 774 1060 903 1127; x_wconf 74' lang='lat' dir='ltr'>Octava</span> <span class='ocrx_word' id='word_1_48' title='bbox 926 1062 1154 1147; x_wconf 84' lang='lat' dir='ltr'>particularis,</span> <span class='ocrx_word' id='word_1_49' title='bbox 1183 1060 1389 1146; x_wconf 87' lang='lat' dir='ltr'>quemadmo-</span> 
     </span>
     <span class='ocr_line' id='line_1_8' title="bbox 354 1148 1390 1234; baseline -0.001 -20"><span class='ocrx_word' id='word_1_50' title='bbox 354 1148 431 1216; x_wconf 86' lang='lat' dir='ltr'>dum</span> <span class='ocrx_word' id='word_1_51' title='bbox 468 1150 505 1215; x_wconf 86' lang='lat' dir='ltr'>tir</span> <span class='ocrx_word' id='word_1_52' title='bbox 539 1151 664 1234; x_wconf 89' lang='lat' dir='ltr'>quoties</span> <span class='ocrx_word' id='word_1_53' title='bbox 697 1150 765 1216; x_wconf 91' lang='lat' dir='ltr'>dies</span> <span class='ocrx_word' id='word_1_54' title='bbox 789 1148 909 1217; x_wconf 90' lang='lat' dir='ltr'>Octava</span> <span class='ocrx_word' id='word_1_55' title='bbox 934 1150 965 1215; x_wconf 93' lang='lat' dir='ltr'>in</span> <span class='ocrx_word' id='word_1_56' title='bbox 990 1149 1156 1215; x_wconf 83' lang='lat' dir='ltr'>llominica</span> <span class='ocrx_word' id='word_1_57' title='bbox 1189 1148 1390 1234; x_wconf 82' lang='lat' dir='ltr'>privilegiata</span> 
     </span>
     <span class='ocr_line' id='line_1_9' title="bbox 356 1234 1392 1323; baseline -0.002 -20"><span class='ocrx_word' id='word_1_58' title='bbox 356 1239 512 1305; x_wconf 84' lang='lat' dir='ltr'>occurrit.</span> <span class='ocrx_word' id='word_1_59' title='bbox 536 1239 584 1303; x_wconf 79' lang='lat' dir='ltr'>hc</span> <span class='ocrx_word' id='word_1_60' title='bbox 605 1239 637 1303; x_wconf 94' lang='lat' dir='ltr'>in</span> <span class='ocrx_word' id='word_1_61' title='bbox 663 1238 775 1304; x_wconf 90' lang='lat' dir='ltr'>eodem</span> <span class='ocrx_word' id='word_1_62' title='bbox 800 1258 878 1304; x_wconf 89' lang='lat' dir='ltr'>easu</span> <span class='ocrx_word' id='word_1_63' title='bbox 902 1237 1087 1323; x_wconf 87' lang='lat' dir='ltr'>praecedens</span> <span class='ocrx_word' id='word_1_64' title='bbox 1111 1237 1180 1303; x_wconf 89' lang='lat' dir='ltr'>dies</span> <span class='ocrx_word' id='word_1_65' title='bbox 1200 1235 1282 1303; x_wconf 87' lang='lat' dir='ltr'>inira</span> <span class='ocrx_word' id='word_1_66' title='bbox 1299 1234 1392 1303; x_wconf 91' lang='lat' dir='ltr'>Oeta·</span> 
     </span>
     <span class='ocr_line' id='line_1_10' title="bbox 354 1323 1389 1413; baseline 0 -24"><span class='ocrx_word' id='word_1_67' title='bbox 354 1344 426 1394; x_wconf 91' lang='lat' dir='ltr'>vam</span> <span class='ocrx_word' id='word_1_68' title='bbox 453 1325 639 1413; x_wconf 79' lang='lat' dir='ltr'>Epiphaniae</span> <span class='ocrx_word' id='word_1_69' title='bbox 674 1347 737 1392; x_wconf 93' lang='lat' dir='ltr'>non</span> <span class='ocrx_word' id='word_1_70' title='bbox 762 1326 848 1392; x_wconf 85' lang='lat' dir='ltr'>cedit</span> <span class='ocrx_word' id='word_1_71' title='bbox 869 1325 1028 1411; x_wconf 77' lang='lat' dir='ltr'>vesperas</span> <span class='ocrx_word' id='word_1_72' title='bbox 1053 1325 1114 1391; x_wconf 89' lang='lat' dir='ltr'>diei</span> <span class='ocrx_word' id='word_1_73' title='bbox 1139 1323 1267 1391; x_wconf 85' lang='lat' dir='ltr'>Octavae</span> <span class='ocrx_word' id='word_1_74' title='bbox 1290 1325 1389 1410; x_wconf 90' lang='lat' dir='ltr'>parti·</span> 
     </span>
     <span class='ocr_line' id='line_1_11' title="bbox 355 1412 1392 1501; baseline -0.002 -22"><span class='ocrx_word' id='word_1_75' title='bbox 355 1414 460 1481; x_wconf 91' lang='lat' dir='ltr'>culari</span> <span class='ocrx_word' id='word_1_76' title='bbox 484 1416 643 1499; x_wconf 80' lang='lat' dir='ltr'>sequenti,</span> <span class='ocrx_word' id='word_1_77' title='bbox 667 1415 723 1481; x_wconf 85' lang='lat' dir='ltr'>sed</span> <span class='ocrx_word' id='word_1_78' title='bbox 747 1415 843 1501; x_wconf 82' lang='lat' dir='ltr'>hujus</span> <span class='ocrx_word' id='word_1_79' title='bbox 867 1413 1090 1480; x_wconf 88' lang='lat' dir='ltr'>tantummodo</span> <span class='ocrx_word' id='word_1_80' title='bbox 1114 1412 1392 1478; x_wconf 88' lang='lat' dir='ltr'>commemoratio·</span> 
     </span>
     <span class='ocr_line' id='line_1_12' title="bbox 355 1500 1324 1570; baseline 0 -3"><span class='ocrx_word' id='word_1_81' title='bbox 355 1522 430 1568; x_wconf 84' lang='lat' dir='ltr'>uem</span> <span class='ocrx_word' id='word_1_82' title='bbox 455 1502 607 1569; x_wconf 84' lang='lat' dir='ltr'>admittit.</span> <span class='ocrx_word' id='word_1_83' title='bbox 634 1503 739 1570; x_wconf 81' lang='lat' dir='ltr'>Corui.</span> <span class='ocrx_word' id='word_1_84' title='bbox 765 1515 806 1570; x_wconf 86' lang='lat' dir='ltr'>to.</span> <span class='ocrx_word' id='word_1_85' title='bbox 831 1503 851 1569; x_wconf 57' lang='grc' dir='ltr'><strong>ἓ</strong></span> <span class='ocrx_word' id='word_1_86' title='bbox 877 1525 903 1567; x_wconf 88' lang='lat' dir='ltr'>e.</span> <span class='ocrx_word' id='word_1_87' title='bbox 929 1503 970 1567; x_wconf 79' lang='lat' dir='ltr'>tit</span> <span class='ocrx_word' id='word_1_88' title='bbox 995 1501 1025 1567; x_wconf 89' lang='lat' dir='ltr'>d.</span> <span class='ocrx_word' id='word_1_89' title='bbox 1053 1501 1067 1565; x_wconf 92' lang='lat' dir='ltr'>l</span> <span class='ocrx_word' id='word_1_90' title='bbox 1094 1524 1124 1566; x_wconf 86' lang='lat' dir='ltr'>u.</span> <span class='ocrx_word' id='word_1_91' title='bbox 1149 1501 1189 1566; x_wconf 67' lang='lat' dir='ltr'>ll</span> <span class='ocrx_word' id='word_1_92' title='bbox 1216 1511 1247 1565; x_wconf 89' lang='lat' dir='ltr'>et</span> <span class='ocrx_word' id='word_1_93' title='bbox 1269 1500 1324 1567; x_wconf 59' lang='grc' dir='ltr'>Ἡ.</span> 
     </span>
     <span class='ocr_line' id='line_1_13' title="bbox 399 1589 1389 1676; baseline -0.005 -18"><span class='ocrx_word' id='word_1_94' title='bbox 399 1590 455 1658; x_wconf 90' lang='lat' dir='ltr'>lll.</span> <span class='ocrx_word' id='word_1_95' title='bbox 479 1590 515 1658; x_wconf 92' lang='lat' dir='ltr'>ln</span> <span class='ocrx_word' id='word_1_96' title='bbox 539 1590 635 1657; x_wconf 82' lang='lat' dir='ltr'>hissa</span> <span class='ocrx_word' id='word_1_97' title='bbox 660 1591 722 1657; x_wconf 84' lang='lat' dir='ltr'>vliei</span> <span class='ocrx_word' id='word_1_98' title='bbox 745 1589 828 1658; x_wconf 83' lang='lat' dir='ltr'>inira</span> <span class='ocrx_word' id='word_1_99' title='bbox 845 1589 998 1657; x_wconf 85' lang='lat' dir='ltr'>Octavam</span> <span class='ocrx_word' id='word_1_100' title='bbox 1016 1589 1202 1676; x_wconf 78' lang='lat' dir='ltr'>Epiphaniae</span> <span class='ocrx_word' id='word_1_101' title='bbox 1226 1589 1389 1655; x_wconf 74' lang='lat' dir='ltr'>diciturO</span> 
     </span>
     <span class='ocr_line' id='line_1_14' title="bbox 356 1676 1392 1767; baseline -0.005 -20"><span class='ocrx_word' id='word_1_102' title='bbox 356 1676 468 1747; x_wconf 87' lang='lat' dir='ltr'>Oratio</span> <span class='ocrx_word' id='word_1_103' title='bbox 486 1679 569 1747; x_wconf 86' lang='lat' dir='ltr'>lleus</span> <span class='ocrx_word' id='word_1_104' title='bbox 591 1680 646 1767; x_wconf 88' lang='lat' dir='ltr'>qui</span> <span class='ocrx_word' id='word_1_105' title='bbox 666 1679 786 1757; x_wconf 80' lang='lat' dir='ltr'>solutis,</span> <span class='ocrx_word' id='word_1_106' title='bbox 804 1680 822 1746; x_wconf 77' lang='lat'>5</span> <span class='ocrx_word' id='word_1_107' title='bbox 839 1678 986 1746; x_wconf 75' lang='lat' dir='ltr'>Ecclesiae</span> <span class='ocrx_word' id='word_1_108' title='bbox 1007 1680 1059 1745; x_wconf 88' lang='lat' dir='ltr'>vel</span> <span class='ocrx_word' id='word_1_109' title='bbox 1082 1697 1141 1765; x_wconf 92' lang='lat' dir='ltr'>pro</span> <span class='ocrx_word' id='word_1_110' title='bbox 1165 1677 1262 1764; x_wconf 90' lang='lat' dir='ltr'>Papa.</span> <span class='ocrx_word' id='word_1_111' title='bbox 1286 1678 1320 1743; x_wconf 84' lang='lat' dir='ltr'>Si</span> <span class='ocrx_word' id='word_1_112' title='bbox 1338 1696 1392 1743; x_wconf 92' lang='lat' dir='ltr'>au·</span> 
     </span>
    </p>
   </div>
   <div class='ocr_carea' id='block_1_3' title="bbox 576 1854 1141 1887">
    <p class='ocr_par' dir='ltr' id='par_1_3' title="bbox 576 1854 1141 1887">
     <span class='ocr_line' id='line_1_15' title="bbox 576 1854 1141 1887; baseline -0.004 -4"><span class='ocrx_word' id='word_1_113' title='bbox 576 1854 1141 1887; x_wconf 62' lang='lat'><strong>--——-—-—-——-———²-·-</strong></span> 
     </span>
    </p>
   </div>
   <div class='ocr_carea' id='block_1_4' title="bbox 328 1998 1396 2560">
    <p class='ocr_par' dir='ltr' id='par_1_4' title="bbox 328 1998 1396 2560">
     <span class='ocr_line' id='line_1_16' title="bbox 328 1998 1391 2081; baseline -0.001 -22"><span class='ocrx_word' id='word_1_114' title='bbox 328 1998 489 2081; x_wconf 84' lang='lat' dir='ltr'>luplicihus</span> <span class='ocrx_word' id='word_1_115' title='bbox 510 2009 680 2081; x_wconf 88' lang='lat' dir='ltr'>usurpasset</span> <span class='ocrx_word' id='word_1_116' title='bbox 701 2000 877 2071; x_wconf 79' lang='lat' dir='ltr'>foroiulem,</span> <span class='ocrx_word' id='word_1_117' title='bbox 900 2019 953 2080; x_wconf 87' lang='lat' dir='ltr'>per</span> <span class='ocrx_word' id='word_1_118' title='bbox 975 2016 1060 2061; x_wconf 87' lang='lat' dir='ltr'>voees</span> <span class='ocrx_word' id='word_1_119' title='bbox 1082 2015 1128 2060; x_wconf 83' lang='lat' dir='ltr'>ex.</span> <span class='ocrx_word' id='word_1_120' title='bbox 1150 2016 1193 2077; x_wconf 89' lang='lat' dir='ltr'>gr.</span> <span class='ocrx_word' id='word_1_121' title='bbox 1216 1998 1391 2061; x_wconf 78' lang='lat' dir='ltr'>Fraterno·</span> 
     </span>
     <span class='ocr_line' id='line_1_17' title="bbox 331 2077 1396 2159; baseline -0.001 -19"><span class='ocrx_word' id='word_1_122' title='bbox 331 2099 394 2155; x_wconf 87' lang='lat' dir='ltr'>oro,</span> <span class='ocrx_word' id='word_1_123' title='bbox 415 2083 535 2142; x_wconf 84' lang='lat' dir='ltr'>Festum</span> <span class='ocrx_word' id='word_1_124' title='bbox 551 2100 590 2142; x_wconf 78' lang='lat' dir='ltr'>en</span> <span class='ocrx_word' id='word_1_125' title='bbox 603 2083 841 2152; x_wconf 75' lang='lat' dir='ltr'>solemnioribus,</span> <span class='ocrx_word' id='word_1_126' title='bbox 864 2083 983 2142; x_wconf 83' lang='lat' dir='ltr'>Festum</span> <span class='ocrx_word' id='word_1_127' title='bbox 998 2099 1036 2141; x_wconf 79' lang='lat' dir='ltr'>er</span> <span class='ocrx_word' id='word_1_128' title='bbox 1050 2079 1241 2153; x_wconf 76' lang='lat' dir='ltr'>solemnibus,</span> <span class='ocrx_word' id='word_1_129' title='bbox 1264 2077 1305 2139; x_wconf 90' lang='lat' dir='ltr'>uti</span> <span class='ocrx_word' id='word_1_130' title='bbox 1321 2087 1396 2159; x_wconf 87' lang='lat' dir='ltr'>prae·</span> 
     </span>
     <span class='ocr_line' id='line_1_18' title="bbox 328 2158 1394 2236; baseline -0.004 -16"><span class='ocrx_word' id='word_1_131' title='bbox 328 2158 500 2223; x_wconf 70' lang='lat' dir='ltr'>titulavi</span> <span class='ocrx_word' id='word_1_132' title='bbox 520 2178 550 2221; x_wconf 94' lang='grc' dir='ltr'>ιι.</span> <span class='ocrx_word' id='word_1_133' title='bbox 571 2162 600 2235; x_wconf 75' lang='lat'>2,</span> <span class='ocrx_word' id='word_1_134' title='bbox 622 2161 654 2222; x_wconf 87' lang='lat' dir='ltr'>tit</span> <span class='ocrx_word' id='word_1_135' title='bbox 672 2164 713 2221; x_wconf 85' lang='lat' dir='ltr'>tx</span> <span class='ocrx_word' id='word_1_136' title='bbox 735 2180 764 2222; x_wconf 89' lang='lat' dir='ltr'>n.</span> <span class='ocrx_word' id='word_1_137' title='bbox 787 2165 804 2225; x_wconf 83' lang='lat' dir='ltr'>b</span> <span class='ocrx_word' id='word_1_138' title='bbox 826 2169 854 2221; x_wconf 89' lang='lat' dir='ltr'>et</span> <span class='ocrx_word' id='word_1_139' title='bbox 879 2159 921 2221; x_wconf 89' lang='lat' dir='ltr'>tlt.</span> <span class='ocrx_word' id='word_1_140' title='bbox 943 2162 982 2220; x_wconf 86' lang='lat' dir='ltr'>Xl</span> <span class='ocrx_word' id='word_1_141' title='bbox 1004 2178 1032 2219; x_wconf 95' lang='grc' dir='ltr'>ιι.</span> <span class='ocrx_word' id='word_1_142' title='bbox 1054 2162 1082 2220; x_wconf 73' lang='lat'>2.</span> <span class='ocrx_word' id='word_1_143' title='bbox 1106 2161 1189 2228; x_wconf 85' lang='lat' dir='ltr'>Haec,</span> <span class='ocrx_word' id='word_1_144' title='bbox 1212 2158 1339 2236; x_wconf 88' lang='lat' dir='ltr'>iuquam,</span> <span class='ocrx_word' id='word_1_145' title='bbox 1361 2175 1394 2217; x_wconf 92' lang='lat' dir='ltr'>o·</span> 
     </span>
     <span class='ocr_line' id='line_1_19' title="bbox 328 2234 1394 2319; baseline -0.002 -22"><span class='ocrx_word' id='word_1_146' title='bbox 328 2238 419 2318; x_wconf 80' lang='lat' dir='ltr'>›jectio</span> <span class='ocrx_word' id='word_1_147' title='bbox 440 2239 512 2301; x_wconf 89' lang='lat' dir='ltr'>nihil</span> <span class='ocrx_word' id='word_1_148' title='bbox 546 2240 672 2319; x_wconf 80' lang='lat' dir='ltr'>proficit.</span> <span class='ocrx_word' id='word_1_149' title='bbox 694 2243 787 2301; x_wconf 84' lang='lat' dir='ltr'>Voces</span> <span class='ocrx_word' id='word_1_150' title='bbox 808 2241 886 2300; x_wconf 90' lang='lat' dir='ltr'>euim</span> <span class='ocrx_word' id='word_1_151' title='bbox 908 2240 966 2299; x_wconf 90' lang='lat' dir='ltr'>iliae</span> <span class='ocrx_word' id='word_1_152' title='bbox 989 2256 1045 2299; x_wconf 92' lang='lat' dir='ltr'>nou</span> <span class='ocrx_word' id='word_1_153' title='bbox 1068 2255 1186 2315; x_wconf 86' lang='lat' dir='ltr'>semper</span> <span class='ocrx_word' id='word_1_154' title='bbox 1210 2240 1294 2296; x_wconf 74' lang='lat' dir='ltr'>l&#39;esta</span> <span class='ocrx_word' id='word_1_155' title='bbox 1315 2234 1394 2297; x_wconf 81' lang='lat' dir='ltr'>desi-</span> 
     </span>
     <span class='ocr_line' id='line_1_20' title="bbox 328 2314 1395 2399; baseline -0.005 -21"><span class='ocrx_word' id='word_1_156' title='bbox 328 2327 400 2393; x_wconf 72' lang='lat' dir='ltr'>guunt</span> <span class='ocrx_word' id='word_1_157' title='bbox 413 2318 542 2399; x_wconf 87' lang='lat' dir='ltr'>dupiicia</span> <span class='ocrx_word' id='word_1_158' title='bbox 556 2319 660 2399; x_wconf 82' lang='lat' dir='ltr'>primae</span> <span class='ocrx_word' id='word_1_159' title='bbox 675 2319 788 2399; x_wconf 77' lang='lat' dir='ltr'>classis,</span> <span class='ocrx_word' id='word_1_160' title='bbox 801 2319 853 2381; x_wconf 81' lang='lat' dir='ltr'>red</span> <span class='ocrx_word' id='word_1_161' title='bbox 868 2318 1046 2399; x_wconf 91' lang='lat' dir='ltr'>quandoque</span> <span class='ocrx_word' id='word_1_162' title='bbox 1061 2316 1151 2377; x_wconf 89' lang='lat' dir='ltr'>etiam</span> <span class='ocrx_word' id='word_1_163' title='bbox 1165 2314 1301 2377; x_wconf 86' lang='lat' dir='ltr'>secundae</span> <span class='ocrx_word' id='word_1_164' title='bbox 1322 2314 1395 2376; x_wconf 89' lang='lat' dir='ltr'>clas-</span> 
     </span>
     <span class='ocr_line' id='line_1_21' title="bbox 328 2393 1396 2478; baseline -0.003 -22"><span class='ocrx_word' id='word_1_165' title='bbox 328 2394 369 2470; x_wconf 83' lang='lat' dir='ltr'>ris,</span> <span class='ocrx_word' id='word_1_166' title='bbox 386 2398 426 2460; x_wconf 90' lang='lat' dir='ltr'>uti</span> <span class='ocrx_word' id='word_1_167' title='bbox 447 2398 596 2478; x_wconf 77' lang='lat' dir='ltr'>colligitur</span> <span class='ocrx_word' id='word_1_168' title='bbox 617 2417 653 2461; x_wconf 86' lang='lat' dir='ltr'>ex</span> <span class='ocrx_word' id='word_1_169' title='bbox 686 2398 730 2460; x_wconf 89' lang='lat' dir='ltr'>tit.</span> <span class='ocrx_word' id='word_1_170' title='bbox 752 2402 803 2462; x_wconf 94' lang='lat' dir='ltr'>Vll</span> <span class='ocrx_word' id='word_1_171' title='bbox 824 2416 853 2460; x_wconf 92' lang='lat' dir='ltr'>u.</span> <span class='ocrx_word' id='word_1_172' title='bbox 877 2400 895 2461; x_wconf 84' lang='lat'>3</span> <span class='ocrx_word' id='word_1_173' title='bbox 917 2405 946 2460; x_wconf 89' lang='lat' dir='ltr'>et</span> <span class='ocrx_word' id='word_1_174' title='bbox 967 2397 1009 2460; x_wconf 86' lang='lat' dir='ltr'>tit.</span> <span class='ocrx_word' id='word_1_175' title='bbox 1032 2399 1059 2458; x_wconf 88' lang='lat' dir='ltr'>X</span> <span class='ocrx_word' id='word_1_176' title='bbox 1079 2415 1108 2457; x_wconf 90' lang='grc' dir='ltr'>ιι.</span> <span class='ocrx_word' id='word_1_177' title='bbox 1130 2398 1171 2471; x_wconf 72' lang='lat'>23</span> <span class='ocrx_word' id='word_1_178' title='bbox 1194 2393 1316 2475; x_wconf 86' lang='lat' dir='ltr'>proinde</span> <span class='ocrx_word' id='word_1_179' title='bbox 1339 2393 1396 2455; x_wconf 91' lang='lat' dir='ltr'>illis</span> 
     </span>
     <span class='ocr_line' id='line_1_22' title="bbox 329 2474 1395 2560; baseline -0.002 -26"><span class='ocrx_word' id='word_1_180' title='bbox 329 2475 371 2549; x_wconf 85' lang='lat' dir='ltr'>uti,</span> <span class='ocrx_word' id='word_1_181' title='bbox 382 2496 474 2557; x_wconf 84' lang='lat' dir='ltr'>neque</span> <span class='ocrx_word' id='word_1_182' title='bbox 488 2479 649 2558; x_wconf 83' lang='lat' dir='ltr'>expediens</span> <span class='ocrx_word' id='word_1_183' title='bbox 664 2488 735 2551; x_wconf 87' lang='lat' dir='ltr'>erut,</span> <span class='ocrx_word' id='word_1_184' title='bbox 751 2498 846 2560; x_wconf 88' lang='lat' dir='ltr'>neque</span> <span class='ocrx_word' id='word_1_185' title='bbox 861 2486 965 2540; x_wconf 89' lang='lat' dir='ltr'>tutum.</span> <span class='ocrx_word' id='word_1_186' title='bbox 982 2474 1159 2555; x_wconf 78' lang='lat' dir='ltr'>ceteroquin</span> <span class='ocrx_word' id='word_1_187' title='bbox 1176 2491 1230 2553; x_wconf 89' lang='lat' dir='ltr'>per</span> <span class='ocrx_word' id='word_1_188' title='bbox 1244 2491 1294 2534; x_wconf 82' lang='lat' dir='ltr'>ear</span> <span class='ocrx_word' id='word_1_189' title='bbox 1309 2489 1395 2534; x_wconf 86' lang='lat' dir='ltr'>voces</span> 
     </span>
    </p>
   </div>
   <div class='ocr_carea' id='block_1_5' title="bbox 328 2547 1506 2638">
    <p class='ocr_par' dir='ltr' id='par_1_5' title="bbox 328 2547 1506 2638">
     <span class='ocr_line' id='line_1_23' title="bbox 328 2547 1506 2638; baseline -0.005 -21"><span class='ocrx_word' id='word_1_190' title='bbox 328 2547 441 2621; x_wconf 78' lang='lat' dir='ltr'>Robrica</span> <span class='ocrx_word' id='word_1_191' title='bbox 462 2557 490 2620; x_wconf 89' lang='lat' dir='ltr'>in</span> <span class='ocrx_word' id='word_1_192' title='bbox 512 2557 641 2638; x_wconf 78' lang='lat' dir='ltr'>praelatis</span> <span class='ocrx_word' id='word_1_193' title='bbox 662 2560 766 2633; x_wconf 82' lang='lat' dir='ltr'>tiuvt,</span> <span class='ocrx_word' id='word_1_194' title='bbox 787 2562 828 2621; x_wconf 82' lang='lat' dir='ltr'>tx</span> <span class='ocrx_word' id='word_1_195' title='bbox 848 2566 878 2619; x_wconf 91' lang='lat' dir='ltr'>ct</span> <span class='ocrx_word' id='word_1_196' title='bbox 899 2560 936 2619; x_wconf 90' lang='lat' dir='ltr'>Xl</span> <span class='ocrx_word' id='word_1_197' title='bbox 959 2560 1115 2617; x_wconf 84' lang='lat' dir='ltr'>dumtaxat</span> <span class='ocrx_word' id='word_1_198' title='bbox 1131 2553 1224 2616; x_wconf 87' lang='lat' dir='ltr'>innuit</span> <span class='ocrx_word' id='word_1_199' title='bbox 1238 2556 1322 2615; x_wconf 89' lang='lat' dir='ltr'>Festa</span> <span class='ocrx_word' id='word_1_200' title='bbox 1344 2551 1398 2612; x_wconf 91' lang='lat' dir='ltr'>du·</span> <span class='ocrx_word' id='word_1_201' title='bbox 1488 2572 1506 2603; x_wconf 67' lang='lat' dir='ltr'>s</span> 
     </span>
    </p>
   </div>
   <div class='ocr_carea' id='block_1_6' title="bbox 328 2631 1440 4150">
    <p class='ocr_par' dir='ltr' id='par_1_6' title="bbox 328 2631 1397 2876">
     <span class='ocr_line' id='line_1_24' title="bbox 328 2631 1397 2719; baseline -0.001 -27"><span class='ocrx_word' id='word_1_202' title='bbox 328 2632 403 2708; x_wconf 88' lang='lat' dir='ltr'>plicia</span> <span class='ocrx_word' id='word_1_203' title='bbox 423 2637 527 2716; x_wconf 81' lang='lat' dir='ltr'>primae</span> <span class='ocrx_word' id='word_1_204' title='bbox 548 2637 672 2710; x_wconf 82' lang='lat' dir='ltr'>elassis,</span> <span class='ocrx_word' id='word_1_205' title='bbox 692 2639 760 2719; x_wconf 86' lang='lat' dir='ltr'>quie</span> <span class='ocrx_word' id='word_1_206' title='bbox 782 2655 830 2700; x_wconf 87' lang='lat' dir='ltr'>ves</span> <span class='ocrx_word' id='word_1_207' title='bbox 851 2638 892 2699; x_wconf 91' lang='lat' dir='ltr'>ihi</span> <span class='ocrx_word' id='word_1_208' title='bbox 913 2634 1152 2698; x_wconf 89' lang='lat' dir='ltr'>circumstantias</span> <span class='ocrx_word' id='word_1_209' title='bbox 1184 2632 1304 2712; x_wconf 82' lang='lat' dir='ltr'>praefert</span> <span class='ocrx_word' id='word_1_210' title='bbox 1324 2631 1397 2692; x_wconf 89' lang='lat' dir='ltr'>adeo</span> 
     </span>
     <span class='ocr_line' id='line_1_25' title="bbox 328 2710 1397 2876; baseline 0 -27"><span class='ocrx_word' id='word_1_211' title='bbox 328 2711 1273 2876; x_wconf 55' lang='lat' dir='ltr'>l‘tltthlhttthalli-*tltbataliallll</span> <span class='ocrx_word' id='word_1_212' title='bbox 1291 2710 1397 2870; x_wconf 70' lang='lat' dir='ltr'>“lull</span> 
     </span>
     <span class='ocr_line' id='line_1_26' title="bbox 350 2828 1295 2865; baseline 0.001 -14"><span class='ocrx_word' id='word_1_213' title='bbox 350 2834 357 2851; x_wconf 77' lang='grc' dir='ltr'><strong><em>ο</em></strong></span> <span class='ocrx_word' id='word_1_214' title='bbox 836 2828 849 2856; x_wconf 69' lang='grc' dir='ltr'><strong>ὃ</strong></span> <span class='ocrx_word' id='word_1_215' title='bbox 978 2838 984 2851; x_wconf 88' lang='lat'><strong>·</strong></span> <span class='ocrx_word' id='word_1_216' title='bbox 1286 2836 1295 2865; x_wconf 71' lang='lat'>5</span> 
     </span>
    </p>

    <p class='ocr_par' dir='ltr' id='par_1_7' title="bbox 330 2868 1440 4150">
     <span class='ocr_line' id='line_1_27' title="bbox 330 2868 1397 2956; baseline 0 -27"><span class='ocrx_word' id='word_1_217' title='bbox 330 2885 403 2934; x_wconf 86' lang='lat' dir='ltr'>nemo</span> <span class='ocrx_word' id='word_1_218' title='bbox 421 2875 534 2951; x_wconf 86' lang='lat' dir='ltr'>ignorat</span> <span class='ocrx_word' id='word_1_219' title='bbox 552 2875 663 2956; x_wconf 84' lang='lat' dir='ltr'>duplex</span> <span class='ocrx_word' id='word_1_220' title='bbox 695 2895 758 2938; x_wconf 88' lang='lat' dir='ltr'>esse</span> <span class='ocrx_word' id='word_1_221' title='bbox 782 2875 888 2955; x_wconf 90' lang='lat' dir='ltr'>primae</span> <span class='ocrx_word' id='word_1_222' title='bbox 913 2873 1036 2949; x_wconf 89' lang='lat' dir='ltr'>elassis;</span> <span class='ocrx_word' id='word_1_223' title='bbox 1058 2875 1087 2934; x_wconf 92' lang='lat' dir='ltr'>iu</span> <span class='ocrx_word' id='word_1_224' title='bbox 1110 2873 1151 2933; x_wconf 88' lang='lat' dir='ltr'>tit.</span> <span class='ocrx_word' id='word_1_225' title='bbox 1174 2874 1215 2934; x_wconf 89' lang='lat' dir='ltr'>lX</span> <span class='ocrx_word' id='word_1_226' title='bbox 1237 2889 1265 2932; x_wconf 89' lang='lat' dir='ltr'>u.</span> <span class='ocrx_word' id='word_1_227' title='bbox 1288 2874 1305 2933; x_wconf 80' lang='lat' dir='ltr'>ll</span> <span class='ocrx_word' id='word_1_228' title='bbox 1329 2868 1397 2932; x_wconf 85' lang='lat' dir='ltr'>huic</span> 
     </span>
     <span class='ocr_line' id='line_1_28' title="bbox 331 2947 1397 3033; baseline -0.002 -22"><span class='ocrx_word' id='word_1_229' title='bbox 331 2949 416 3024; x_wconf 78' lang='lat' dir='ltr'>phrasi</span> <span class='ocrx_word' id='word_1_230' title='bbox 436 2957 535 3015; x_wconf 78' lang='lat' dir='ltr'>Fectio</span> <span class='ocrx_word' id='word_1_231' title='bbox 554 2957 738 3031; x_wconf 76' lang='lat' dir='ltr'>majoribus,</span> <span class='ocrx_word' id='word_1_232' title='bbox 758 2955 853 3016; x_wconf 86' lang='lat' dir='ltr'>statim</span> <span class='ocrx_word' id='word_1_233' title='bbox 876 2952 1072 3033; x_wconf 86' lang='lat' dir='ltr'>subjiciuntur</span> <span class='ocrx_word' id='word_1_234' title='bbox 1094 2956 1245 3013; x_wconf 80' lang='lat' dir='ltr'>Fastorum</span> <span class='ocrx_word' id='word_1_235' title='bbox 1269 2947 1397 3021; x_wconf 89' lang='lat' dir='ltr'>uomina,</span> 
     </span>
     <span class='ocr_line' id='line_1_29' title="bbox 333 3025 1393 3116; baseline -0.002 -27"><span class='ocrx_word' id='word_1_236' title='bbox 333 3043 441 3116; x_wconf 76' lang='lat' dir='ltr'>quorum</span> <span class='ocrx_word' id='word_1_237' title='bbox 463 3053 563 3096; x_wconf 87' lang='lat' dir='ltr'>sermo</span> <span class='ocrx_word' id='word_1_238' title='bbox 584 3042 637 3105; x_wconf 89' lang='lat' dir='ltr'>cst,</span> <span class='ocrx_word' id='word_1_239' title='bbox 657 3053 782 3116; x_wconf 70' lang='lat' dir='ltr'>quaeque</span> <span class='ocrx_word' id='word_1_240' title='bbox 803 3043 871 3095; x_wconf 88' lang='lat' dir='ltr'>sunt</span> <span class='ocrx_word' id='word_1_241' title='bbox 886 3031 981 3094; x_wconf 89' lang='lat' dir='ltr'>omnia</span> <span class='ocrx_word' id='word_1_242' title='bbox 1003 3031 1133 3112; x_wconf 90' lang='lat' dir='ltr'>duplicia</span> <span class='ocrx_word' id='word_1_243' title='bbox 1156 3031 1259 3108; x_wconf 84' lang='lat' dir='ltr'>primae</span> <span class='ocrx_word' id='word_1_244' title='bbox 1281 3025 1393 3102; x_wconf 88' lang='lat' dir='ltr'>elassis;</span> 
     </span>
     <span class='ocr_line' id='line_1_30' title="bbox 334 3111 1395 3189; baseline -0.005 -17"><span class='ocrx_word' id='word_1_245' title='bbox 334 3120 359 3166; x_wconf 79' lang='lat' dir='ltr'>tu</span> <span class='ocrx_word' id='word_1_246' title='bbox 373 3113 448 3175; x_wconf 87' lang='lat' dir='ltr'>titulo</span> <span class='ocrx_word' id='word_1_247' title='bbox 468 3117 587 3176; x_wconf 87' lang='lat' dir='ltr'>demum</span> <span class='ocrx_word' id='word_1_248' title='bbox 616 3119 656 3176; x_wconf 85' lang='lat' dir='ltr'>Xl</span> <span class='ocrx_word' id='word_1_249' title='bbox 677 3134 706 3176; x_wconf 86' lang='lat' dir='ltr'>u.</span> <span class='ocrx_word' id='word_1_250' title='bbox 728 3119 747 3178; x_wconf 73' lang='lat'>2</span> <span class='ocrx_word' id='word_1_251' title='bbox 770 3113 896 3176; x_wconf 82' lang='lat' dir='ltr'>lluhriea</span> <span class='ocrx_word' id='word_1_252' title='bbox 925 3112 984 3189; x_wconf 90' lang='lat' dir='ltr'>agit</span> <span class='ocrx_word' id='word_1_253' title='bbox 1005 3111 1042 3173; x_wconf 89' lang='lat' dir='ltr'>de</span> <span class='ocrx_word' id='word_1_254' title='bbox 1064 3127 1208 3173; x_wconf 88' lang='lat' dir='ltr'>concursu</span> <span class='ocrx_word' id='word_1_255' title='bbox 1243 3112 1395 3170; x_wconf 79' lang='lat' dir='ltr'>Fastorum</span> 
     </span>
     <span class='ocr_line' id='line_1_31' title="bbox 336 3185 1397 3273; baseline -0.004 -25"><span class='ocrx_word' id='word_1_256' title='bbox 336 3192 436 3253; x_wconf 78' lang='lat' dir='ltr'>manui</span> <span class='ocrx_word' id='word_1_257' title='bbox 457 3194 569 3256; x_wconf 86' lang='lat' dir='ltr'>ordinis</span> <span class='ocrx_word' id='word_1_258' title='bbox 590 3212 657 3256; x_wconf 90' lang='lat' dir='ltr'>cum</span> <span class='ocrx_word' id='word_1_259' title='bbox 678 3193 858 3255; x_wconf 86' lang='lat' dir='ltr'>solemnibus</span> <span class='ocrx_word' id='word_1_260' title='bbox 879 3190 1049 3273; x_wconf 86' lang='lat' dir='ltr'>majoribus,</span> <span class='ocrx_word' id='word_1_261' title='bbox 1069 3189 1178 3268; x_wconf 89' lang='lat' dir='ltr'>quihus</span> <span class='ocrx_word' id='word_1_262' title='bbox 1200 3187 1326 3264; x_wconf 87' lang='lat' dir='ltr'>integrus</span> <span class='ocrx_word' id='word_1_263' title='bbox 1347 3185 1397 3245; x_wconf 86' lang='lat' dir='ltr'>tri-</span> 
     </span>
     <span class='ocr_line' id='line_1_32' title="bbox 337 3259 1396 3358; baseline -0.009 -24"><span class='ocrx_word' id='word_1_264' title='bbox 337 3259 385 3358; x_wconf 59' lang='lat' dir='ltr'>buit</span> <span class='ocrx_word' id='word_1_265' title='bbox 403 3275 556 3352; x_wconf 84' lang='lat' dir='ltr'>Vesperas3</span> <span class='ocrx_word' id='word_1_266' title='bbox 579 3274 703 3355; x_wconf 87' lang='lat' dir='ltr'>ideoque</span> <span class='ocrx_word' id='word_1_267' title='bbox 727 3274 755 3335; x_wconf 91' lang='lat' dir='ltr'>iu</span> <span class='ocrx_word' id='word_1_268' title='bbox 778 3272 823 3333; x_wconf 88' lang='lat' dir='ltr'>his</span> <span class='ocrx_word' id='word_1_269' title='bbox 843 3280 943 3350; x_wconf 87' lang='lat' dir='ltr'>aperte</span> <span class='ocrx_word' id='word_1_270' title='bbox 966 3269 1098 3348; x_wconf 86' lang='lat' dir='ltr'>designat</span> <span class='ocrx_word' id='word_1_271' title='bbox 1122 3272 1205 3330; x_wconf 77' lang='lat' dir='ltr'>Festa</span> <span class='ocrx_word' id='word_1_272' title='bbox 1238 3264 1324 3345; x_wconf 90' lang='lat' dir='ltr'>primi</span> <span class='ocrx_word' id='word_1_273' title='bbox 1347 3282 1396 3325; x_wconf 88' lang='lat' dir='ltr'>er-</span> 
     </span>
     <span class='ocr_line' id='line_1_33' title="bbox 339 3341 1398 3433; baseline -0.005 -27"><span class='ocrx_word' id='word_1_274' title='bbox 339 3341 397 3411; x_wconf 78' lang='lat' dir='ltr'>duic</span> <span class='ocrx_word' id='word_1_275' title='bbox 415 3369 465 3413; x_wconf 86' lang='lat' dir='ltr'>seu</span> <span class='ocrx_word' id='word_1_276' title='bbox 489 3354 592 3433; x_wconf 86' lang='lat' dir='ltr'>primae</span> <span class='ocrx_word' id='word_1_277' title='bbox 607 3353 719 3416; x_wconf 85' lang='lat' dir='ltr'>classis.</span> <span class='ocrx_word' id='word_1_278' title='bbox 733 3354 796 3414; x_wconf 89' lang='lat' dir='ltr'>lluc</span> <span class='ocrx_word' id='word_1_279' title='bbox 811 3351 885 3412; x_wconf 87' lang='lat' dir='ltr'>adde</span> <span class='ocrx_word' id='word_1_280' title='bbox 907 3349 985 3428; x_wconf 89' lang='lat' dir='ltr'>quod</span> <span class='ocrx_word' id='word_1_281' title='bbox 1008 3354 1037 3412; x_wconf 88' lang='lat' dir='ltr'>S.</span> <span class='ocrx_word' id='word_1_282' title='bbox 1060 3353 1094 3411; x_wconf 83' lang='lat' dir='ltr'>li.</span> <span class='ocrx_word' id='word_1_283' title='bbox 1117 3352 1148 3408; x_wconf 86' lang='lat' dir='ltr'>O.</span> <span class='ocrx_word' id='word_1_284' title='bbox 1170 3354 1322 3425; x_wconf 88' lang='lat' dir='ltr'>postquam</span> <span class='ocrx_word' id='word_1_285' title='bbox 1339 3345 1398 3417; x_wconf 81' lang='lat' dir='ltr'>(die</span> 
     </span>
     <span class='ocr_line' id='line_1_34' title="bbox 339 3419 1399 3505; baseline -0.005 -16"><span class='ocrx_word' id='word_1_286' title='bbox 339 3424 368 3489; x_wconf 68' lang='lat' dir='ltr'>ll</span> <span class='ocrx_word' id='word_1_287' title='bbox 382 3431 489 3494; x_wconf 81' lang='lat' dir='ltr'>Martii</span> <span class='ocrx_word' id='word_1_288' title='bbox 511 3437 590 3498; x_wconf 76' lang='lat' dir='ltr'>tate</span> <span class='ocrx_word' id='word_1_289' title='bbox 612 3437 644 3494; x_wconf 87' lang='lat' dir='ltr'>iu</span> <span class='ocrx_word' id='word_1_290' title='bbox 664 3452 727 3495; x_wconf 82' lang='lat' dir='ltr'>uuo</span> <span class='ocrx_word' id='word_1_291' title='bbox 751 3434 823 3494; x_wconf 78' lang='lat' dir='ltr'>Orci.</span> <span class='ocrx_word' id='word_1_292' title='bbox 843 3431 995 3492; x_wconf 83' lang='lat' dir='ltr'>Militarir</span> <span class='ocrx_word' id='word_1_293' title='bbox 1027 3430 1169 3505; x_wconf 79' lang='lat' dir='ltr'>Equitum</span> <span class='ocrx_word' id='word_1_294' title='bbox 1192 3419 1326 3497; x_wconf 84' lang='lat' dir='ltr'>Christi)</span> <span class='ocrx_word' id='word_1_295' title='bbox 1349 3422 1399 3484; x_wconf 86' lang='lat' dir='ltr'>de·</span> 
     </span>
     <span class='ocr_line' id='line_1_35' title="bbox 340 3502 1396 3590; baseline -0.003 -26"><span class='ocrx_word' id='word_1_296' title='bbox 340 3502 438 3572; x_wconf 83' lang='lat' dir='ltr'>claravit</span> <span class='ocrx_word' id='word_1_297' title='bbox 457 3518 595 3575; x_wconf 87' lang='lat' dir='ltr'>Octavam</span> <span class='ocrx_word' id='word_1_298' title='bbox 617 3517 667 3576; x_wconf 89' lang='lat' dir='ltr'>SS.</span> <span class='ocrx_word' id='word_1_299' title='bbox 690 3511 828 3590; x_wconf 86' lang='lat' dir='ltr'>Corporis</span> <span class='ocrx_word' id='word_1_300' title='bbox 861 3507 971 3573; x_wconf 83' lang='lat' dir='ltr'>Christi</span> <span class='ocrx_word' id='word_1_301' title='bbox 991 3507 1019 3568; x_wconf 91' lang='lat' dir='ltr'>in</span> <span class='ocrx_word' id='word_1_302' title='bbox 1041 3504 1198 3568; x_wconf 85' lang='lat' dir='ltr'>Lusitaniae</span> <span class='ocrx_word' id='word_1_303' title='bbox 1229 3507 1338 3580; x_wconf 85' lang='lat' dir='ltr'>Regnrs</span> <span class='ocrx_word' id='word_1_304' title='bbox 1358 3520 1396 3562; x_wconf 86' lang='lat' dir='ltr'>ex</span> 
     </span>
     <span class='ocr_line' id='line_1_36' title="bbox 340 3580 1395 3673; baseline -0.007 -25"><span class='ocrx_word' id='word_1_305' title='bbox 340 3581 433 3653; x_wconf 82' lang='lat' dir='ltr'>intutu</span> <span class='ocrx_word' id='word_1_306' title='bbox 453 3594 620 3672; x_wconf 75' lang='lat' dir='ltr'>Apostolico</span> <span class='ocrx_word' id='word_1_307' title='bbox 641 3590 880 3673; x_wconf 72' lang='lat' dir='ltr'>equiparaudam</span> <span class='ocrx_word' id='word_1_308' title='bbox 902 3607 967 3650; x_wconf 87' lang='lat' dir='ltr'>esse</span> <span class='ocrx_word' id='word_1_309' title='bbox 988 3590 1102 3648; x_wconf 83' lang='lat' dir='ltr'>Octavae</span> <span class='ocrx_word' id='word_1_310' title='bbox 1124 3581 1307 3662; x_wconf 80' lang='lat' dir='ltr'>Epiphaniae,</span> <span class='ocrx_word' id='word_1_311' title='bbox 1329 3580 1395 3642; x_wconf 81' lang='lat' dir='ltr'>uul-</span> 
     </span>
     <span class='ocr_line' id='line_1_37' title="bbox 341 3661 1396 3749; baseline -0.007 -21"><span class='ocrx_word' id='word_1_312' title='bbox 341 3670 426 3733; x_wconf 78' lang='lat' dir='ltr'>verrin</span> <span class='ocrx_word' id='word_1_313' title='bbox 457 3672 557 3735; x_wconf 90' lang='lat' dir='ltr'>docuit</span> <span class='ocrx_word' id='word_1_314' title='bbox 581 3672 610 3734; x_wconf 88' lang='lat' dir='ltr'>iu</span> <span class='ocrx_word' id='word_1_315' title='bbox 633 3672 681 3733; x_wconf 88' lang='lat' dir='ltr'>illa</span> <span class='ocrx_word' id='word_1_316' title='bbox 701 3672 746 3748; x_wconf 90' lang='lat' dir='ltr'>agi</span> <span class='ocrx_word' id='word_1_317' title='bbox 780 3688 867 3749; x_wconf 89' lang='lat' dir='ltr'>posse</span> <span class='ocrx_word' id='word_1_318' title='bbox 900 3665 1034 3730; x_wconf 82' lang='lat' dir='ltr'>Officium</span> <span class='ocrx_word' id='word_1_319' title='bbox 1055 3664 1092 3725; x_wconf 86' lang='lat' dir='ltr'>de</span> <span class='ocrx_word' id='word_1_320' title='bbox 1126 3661 1288 3724; x_wconf 84' lang='lat' dir='ltr'>occurrenti</span> <span class='ocrx_word' id='word_1_321' title='bbox 1310 3664 1396 3723; x_wconf 83' lang='lat' dir='ltr'>Festo</span> 
     </span>
     <span class='ocr_line' id='line_1_38' title="bbox 340 3738 1440 3835; baseline -0.005 -29"><span class='ocrx_word' id='word_1_322' title='bbox 340 3738 428 3830; x_wconf 79' lang='lat' dir='ltr'>duplici</span> <span class='ocrx_word' id='word_1_323' title='bbox 449 3746 555 3835; x_wconf 75' lang='lat' dir='ltr'>piimae</span> <span class='ocrx_word' id='word_1_324' title='bbox 575 3751 686 3829; x_wconf 88' lang='lat' dir='ltr'>elassis;</span> <span class='ocrx_word' id='word_1_325' title='bbox 703 3749 775 3812; x_wconf 89' lang='lat' dir='ltr'>nihil</span> <span class='ocrx_word' id='word_1_326' title='bbox 799 3748 888 3828; x_wconf 87' lang='lat' dir='ltr'>igitur</span> <span class='ocrx_word' id='word_1_327' title='bbox 903 3747 998 3818; x_wconf 80' lang='lat' dir='ltr'>obstat</span> <span class='ocrx_word' id='word_1_328' title='bbox 1012 3741 1168 3825; x_wconf 90' lang='lat' dir='ltr'>quominus</span> <span class='ocrx_word' id='word_1_329' title='bbox 1189 3740 1275 3802; x_wconf 88' lang='lat' dir='ltr'>etiam</span> <span class='ocrx_word' id='word_1_330' title='bbox 1294 3739 1322 3801; x_wconf 89' lang='lat' dir='ltr'>in</span> <span class='ocrx_word' id='word_1_331' title='bbox 1344 3739 1397 3803; x_wconf 87' lang='lat' dir='ltr'>bac</span> <span class='ocrx_word' id='word_1_332' title='bbox 1438 3807 1440 3813; x_wconf 54' lang='grc'><strong>,</strong></span> 
     </span>
     <span class='ocr_line' id='line_1_39' title="bbox 337 3818 1398 3912; baseline -0.008 -22"><span class='ocrx_word' id='word_1_333' title='bbox 337 3820 452 3894; x_wconf 71' lang='lat' dir='ltr'>similiter</span> <span class='ocrx_word' id='word_1_334' title='bbox 479 3832 683 3912; x_wconf 85' lang='lat' dir='ltr'>privilegiata,</span> <span class='ocrx_word' id='word_1_335' title='bbox 706 3829 833 3908; x_wconf 86' lang='lat' dir='ltr'>idipsum</span> <span class='ocrx_word' id='word_1_336' title='bbox 855 3826 959 3908; x_wconf 81' lang='lat' dir='ltr'>perlici</span> <span class='ocrx_word' id='word_1_337' title='bbox 991 3832 1086 3905; x_wconf 89' lang='lat' dir='ltr'>queat.</span> <span class='ocrx_word' id='word_1_338' title='bbox 1118 3825 1217 3902; x_wconf 89' lang='lat' dir='ltr'>ltaque</span> <span class='ocrx_word' id='word_1_339' title='bbox 1248 3818 1398 3882; x_wconf 72' lang='lat' dir='ltr'>sentcntiae</span> 
     </span>
     <span class='ocr_line' id='line_1_40' title="bbox 336 3896 1398 3994; baseline -0.011 -25"><span class='ocrx_word' id='word_1_340' title='bbox 336 3896 396 3986; x_wconf 66' lang='lat' dir='ltr'>lule,</span> <span class='ocrx_word' id='word_1_341' title='bbox 416 3930 505 3994; x_wconf 87' lang='lat' dir='ltr'>quarn</span> <span class='ocrx_word' id='word_1_342' title='bbox 528 3911 637 3991; x_wconf 88' lang='lat' dir='ltr'>passim</span> <span class='ocrx_word' id='word_1_343' title='bbox 660 3916 845 3990; x_wconf 78' lang='lat' dir='ltr'>propugnant</span> <span class='ocrx_word' id='word_1_344' title='bbox 866 3912 1006 3968; x_wconf 84' lang='lat' dir='ltr'>Doctores</span> <span class='ocrx_word' id='word_1_345' title='bbox 1029 3903 1177 3994; x_wconf 76' lang='lat' dir='ltr'>liturgici,</span> <span class='ocrx_word' id='word_1_346' title='bbox 1207 3919 1259 3961; x_wconf 91' lang='lat' dir='ltr'>nos</span> <span class='ocrx_word' id='word_1_347' title='bbox 1281 3916 1398 3992; x_wconf 78' lang='lat' dir='ltr'>quoque</span> 
     </span>
     <span class='ocr_line' id='line_1_41' title="bbox 334 3980 1397 4062; baseline -0.016 -9"><span class='ocrx_word' id='word_1_348' title='bbox 334 3987 493 4056; x_wconf 71' lang='lat' dir='ltr'>&#39;atterentes</span> <span class='ocrx_word' id='word_1_349' title='bbox 514 3992 712 4062; x_wconf 87' lang='lat' dir='ltr'>arbitramur,</span> <span class='ocrx_word' id='word_1_350' title='bbox 734 3987 844 4048; x_wconf 90' lang='lat' dir='ltr'>nullius</span> <span class='ocrx_word' id='word_1_351' title='bbox 865 3987 942 4048; x_wconf 74' lang='lat' dir='ltr'>l&#39;csti</span> <span class='ocrx_word' id='word_1_352' title='bbox 963 3983 1089 4061; x_wconf 88' lang='lat' dir='ltr'>duplicis</span> <span class='ocrx_word' id='word_1_353' title='bbox 1112 3999 1214 4060; x_wconf 76' lang='lat' dir='ltr'>primae</span> <span class='ocrx_word' id='word_1_354' title='bbox 1234 3980 1350 4052; x_wconf 80' lang='lat' dir='ltr'>classus,</span> <span class='ocrx_word' id='word_1_355' title='bbox 1371 3995 1397 4037; x_wconf 82' lang='lat' dir='ltr'>st</span> 
     </span>
     <span class='ocr_line' id='line_1_42' title="bbox 331 4057 1309 4150; baseline -0.012 -13"><span class='ocrx_word' id='word_1_356' title='bbox 331 4058 453 4140; x_wconf 79' lang='lat' dir='ltr'>incitem</span> <span class='ocrx_word' id='word_1_357' title='bbox 474 4073 552 4136; x_wconf 84' lang='lat' dir='ltr'>inira</span> <span class='ocrx_word' id='word_1_358' title='bbox 573 4075 710 4133; x_wconf 89' lang='lat' dir='ltr'>Octavam</span> <span class='ocrx_word' id='word_1_359' title='bbox 732 4066 912 4150; x_wconf 69' lang='lat' dir='ltr'>Epiphania,</span> <span class='ocrx_word' id='word_1_360' title='bbox 933 4063 1158 4127; x_wconf 83' lang='lat' dir='ltr'>celebrationem</span> <span class='ocrx_word' id='word_1_361' title='bbox 1181 4057 1309 4124; x_wconf 71' lang='lat' dir='ltr'>excludi.</span> 
     </span>
    </p>
   </div>
   <div class='ocr_carea' id='block_1_7' title="bbox 0 0 1769 4875">
    <p class='ocr_par' dir='ltr' id='par_1_8' title="bbox 0 0 1769 4875">
     <span class='ocr_line' id='line_1_43' title="bbox 0 0 1769 4875; baseline 0 0"><span class='ocrx_word' id='word_1_362' title='bbox 0 0 1769 4875; x_wconf 95' lang='lat' dir='ltr'> </span> 
     </span>
    </p>
   </div>
  </div>
 </body>
</html>
