3484 4875
524 541 744 590 nonornnonns
760 544 790 589 11
804 543 895 590 nasae
910 546 984 595 1111
1198 529 1262 596 517

319 662 394 721 1111
417 674 455 719 en
477 651 538 718 hoc
561 653 631 738 ipso
654 651 758 726 Festo,
783 671 855 717 cum
874 651 1029 731 distincta
1053 674 1282 724 commemora·

318 765 351 808 oe
375 744 407 809 S.
432 743 518 807 Petri
534 762 592 827 per
615 740 838 825 Antiphonem,
854 741 882 824 i.
907 751 938 806 et
961 740 1143 809 Orationem
1166 744 1284 813 ibidem

318 834 401 908 sitas,
425 840 457 895 et
479 830 634 895 ambabus
657 830 745 895 locus
769 831 830 894 erit
852 837 926 895 ante
949 835 1287 902 commemorationem

318 930 393 986 tavae
424 919 456 984 S.
481 919 621 985 loannis.
646 918 682 983 ln
714 918 861 983 secundis
885 917 1033 1005 Vesperis
1064 930 1170 987 tamen
1197 942 1283 988 com·

319 1011 454 1074 munatio
484 1010 651 1092 utriusque
673 1007 816 1093 Apostoli
849 1007 970 1090 agenda
1003 1011 1063 1073 erit
1091 1010 1283 1077 admodum

318 1120 370 1174 us,
387 1118 459 1163 oum
475 1097 665 1183 Antiphone,
681 1096 709 1178 i.
728 1104 759 1161 et
781 1092 932 1161 Oratione
956 1099 1081 1183 utrique
1106 1101 1282 1165 communi·

318 1208 337 1263 s,
354 1195 385 1251 et
408 1194 480 1272 post
504 1185 837 1251 commemorationem
863 1184 924 1249 diei
945 1182 1070 1252 Octavae
1094 1186 1126 1253 S.
1143 1188 1284 1255 loannis.

318 1276 362 1340 lll.
388 1273 516 1353 Quoties
540 1274 805 1339 Commemoratio
829 1272 861 1337 8.
885 1273 975 1339 Ρ1111
998 1273 1078 1361 (ubi
1103 1276 1284 1343 celebratur

318 1365 413 1429 onitu
438 1363 557 1447 duplici
581 1363 695 1428 minori
718 1362 767 1426 vel
791 1360 929 1447 majori)
959 1365 1156 1429 concurrerit
1179 1367 1211 1430 in
1235 1386 1284 1431 se·

319 1452 379 1517 ulis
402 1451 551 1537 Vesperis
575 1471 647 1517 cum
675 1450 725 1515 die
748 1448 866 1515 Octava
890 1449 1039 1535 Corporis
1063 1452 1202 1529 Christi,
1224 1453 1283 1519 Ve-

318 1562 369 1606 irae
400 1542 533 1624 integrao
556 1539 777 1625 persolventur
806 1537 844 1603 de
875 1536 934 1605 hac
958 1537 1075 1606 Octava
1106 1561 1142 1607 ex
1172 1542 1284 1627 primis

318 1631 414 1716 operis
426 1628 522 1704 Festi,
536 1648 608 1693 cum
621 1628 921 1693 commemoratione
935 1628 995 1693 diei
1008 1627 1134 1695 Octavae
1147 1629 1179 1694 S.
1192 1630 1285 1695 Joan·

339 1728 371 1783 et
387 1717 513 1783 Octava.
530 1717 579 1782 Ss.
597 1716 833 1802 Apostolorum
851 1716 906 1781 sed
924 1717 977 1782 ubi
993 1717 1121 1783 Festum
1146 1719 1177 1784 S.
1195 1719 1285 1786 Pauli

318 1808 432 1891 agitur
460 1806 518 1872 sub
542 1806 605 1870 ritu
629 1805 747 1890 duplici
771 1805 901 1890 majori,
934 1806 1001 1892 ejus
1025 1809 1284 1874 commemoratio

318 1917 363 1961 uae
387 1896 482 1960 etiam
506 1895 538 1959 in
562 1895 621 1958 hoc
645 1913 721 1959 casu
743 1893 868 1959 videtur
900 1895 1091 1980 perficienda
1114 1916 1171 1983 per
1194 1896 1284 1962 Auti-

318 2005 427 2059 inum,
456 1985 484 2066 i.
509 1992 540 2048 et
563 1981 747 2049 Orationem
770 1982 819 2048 Ss.
843 1983 939 2048 Petro
963 1992 994 2048 et
1017 1985 1116 2051 Paulo
1143 2005 1284 2051 eommu-

318 2073 355 2158 1)
380 2073 473 2137 alteri
497 2070 718 2157 premittenda
742 2080 791 2136 est
814 2070 852 2135 de
877 2071 926 2136 die
949 2070 1066 2138 Octava
1090 2074 1122 2139 S.
1143 2073 1282 2139 loannis.

318 2163 408 2248 nique
431 2162 458 2225 si
481 2159 610 2225 Festum
633 2159 719 2224 istud
742 2159 774 2224 S.
791 2160 882 2224 Pauli
905 2160 1024 2225 incidat
1046 2162 1077 2225 in
1098 2161 1285 2236 Sabbatum,

318 2257 419 2315 esest
444 2256 477 2314 ut
500 2248 549 2314 Ss.
573 2249 799 2334 Apostolorum
831 2251 1093 2314 commemoratio
1124 2248 1288 2335 precedat

318 2359 402 2403 eram
426 2337 464 2403 de
487 2337 673 2409 llominica:
705 2359 742 2403 eo
767 2337 850 2423 quod
883 2338 939 2403 illa
971 2346 1019 2403 est
1047 2337 1085 2402 de
1108 2336 1202 2403 Festo
1227 2337 1283 2404 du·

318 2430 352 2494 11.
381 2427 453 2492 Coo.
477 2428 583 2492 11117
608 2449 633 2492 1.
658 2426 687 2493 8.
1214 2457 1217 2460 ’

635 2764 879 2833 ANNOFANOA

365 2949 395 2993 tn'
411 2947 501 2992 FFS'FA
516 2947 560 2993 88.
576 2910 740 2992 Tetltlrnms
756 2946 792 2990 ΕΤ
809 2944 850 2991 88.
869 2943 1011 2990 CORPORIS
1028 2946 1144 2991 ClllllS'l'l

545 3049 589 3094 Ae
609 3049 645 3093 111
668 3048 786 3093 EORUM
808 3046 968 3092 OCTAVAS

318 3271 321 3284 .
346 3220 380 3284 ln
403 3218 566 3284 [lominica
591 3218 693 3303 prima
716 3225 789 3302 post
811 3218 1021 3282 Pentecosten
1043 3215 1173 3282 Festum
1202 3217 1284 3282 cele·

318 3329 340 3374 :r
363 3307 419 3373 88.
436 3307 601 3373 Trinitatis
624 3306 660 3392 (*)
682 3306 741 3370 sub
764 3307 826 3371 ritu
852 3305 969 3391 duplici
992 3303 1139 3370 secundae
1162 3304 1286 3378 classis,

318 3397 450 3462 hibetur
481 3397 571 3462 color
592 3396 694 3461 albus.
718 3394 883 3460 llominica
912 3394 979 3459 haec
1002 3401 1150 3478 respectu
1176 3392 1286 3458 habito

318 3487 466 3574 psterium
490 3485 569 3550 adeo
592 3484 780 3570 precelsum
803 3491 853 3548 est
877 3484 989 3568 primae
1013 3481 1136 3556 classis
1153 3500 1189 3545 ac
1213 3500 1285 3566 pro·

318 3574 534 3662 {eodenmque
549 3572 678 3639 Festum
694 3581 818 3638 amovet
833 3573 864 3637 in
882 3591 919 3638 ea
942 3590 1125 3646 occurrens,
1140 3570 1285 3656 quamvis

334 3887 452 3946 Festum
484 3884 534 3942 88.
555 3877 702 3940 Trinitatis
731 3875 796 3938 ideo
827 3877 991 3939 celebratur
1022 3875 1114 3957 prime
1136 3874 1285 3939 Dominica

318 3967 515 4033 ‘eritecostem
538 3959 605 4040 quia
626 3965 690 4035 post
709 3957 832 4036 Spiritus
853 3957 949 4018 Sancti
970 3957 1131 4018 Adventum
1152 3953 1286 4036 explicita

318 4040 424 4105 11111111
439 4039 567 4120 mysterii
582 4037 654 4099 fides
674 4037 737 4098 orbi
754 4038 891 4100 universo
903 4036 1053 4101 confestim
1070 4055 1123 4116 per
1138 4034 1288 4116 Apostolos

318 4124 409 4202 ilgata
427 4129 481 4185 est.
506 4121 575 4184 Vide
598 4119 759 4180 1111111111.
