3484 4875
461 483 525 553 574
685 503 905 550 LDEDTATIDNES
920 504 950 549 ld
965 503 1055 549 resta
1072 502 1252 549 surrsuums

442 610 492 675 50.
515 648 559 658 -
581 610 640 676 Ubi
664 610 696 676 S.
721 611 931 698 Hieronymus
963 611 1078 675 colitur
1101 630 1172 675 cum
1195 607 1336 684 Octava,
1369 609 1396 674 si
1420 607 1493 676 dee

406 719 410 725 ·
484 698 533 764 die
557 699 639 765 inira
663 702 751 765 iiiam
775 699 919 765 Officium
943 701 993 785 agi
1018 700 1201 782 contingat,
1224 697 1394 763 Lectiones
1417 699 1493 763 tertii

483 786 637 853 Nocturni
659 788 821 855 sumendae
845 798 921 855 sunt
943 809 980 853 ex
1003 789 1168 853 Communi
1191 787 1381 864 Doctorum,
1398 806 1494 872 quem·

484 876 655 943 admodum
678 879 709 944 in
733 879 802 964 pari
826 897 923 953 casu,
951 877 1056 963 quoad
1079 876 1111 941 S.
1135 877 1290 942 Joauuem
1315 876 1493 963 Ghrymsto

483 985 581 1041 mum,
604 974 770 1053 perspecte
794 968 891 1050 liquet
916 987 953 1031 ex
977 965 1144 1030 Dctarario
1169 965 1324 1030 Romano.

847 1317 1091 1385 tuderanus

668 1496 698 1540 tu
721 1496 879 1541 uoututcas
903 1496 939 1539 ET
961 1496 1064 1539 reulus
1088 1496 1265 1541 SEPTEleItIS

506 1677 535 1741 t.
559 1649 594 1741 In
617 1675 790 1743 Dominicis
814 1676 1011 1763 Septembris
1044 1676 1053 1762 (
1067 1677 1155 1762 juxta
1185 1682 1373 1761 computum
1399 1676 1493 1742 Eccle-

441 1765 614 1841 siasticum‚
639 1766 723 1850 quod
741 1766 807 1851 jam
824 1767 1033 1852 explicuimus
1057 1767 1087 1830 iu
1112 1765 1442 1862 animadversionibus
1463 1764 1494 1829 de
1525 1800 1526 1820 ι

441 1862 583 1938 tempore
607 1874 624 1918 a
648 1856 835 1920 Pentecoste
859 1853 901 1919 ad
923 1854 1099 1920 Adventum
1125 1876 1156 1920 n.
1181 1853 1219 1940 5)
1243 1852 1398 1920 dicuntur
1421 1853 1493 1920 huti-

441 1941 554 2026 phonae
577 1942 617 2007 ad
632 1943 810 2031 Mcpnificot
833 1942 895 2031 (vel
918 1964 976 2028 pro
1001 1943 1302 2008 commemoratione
1319 1939 1491 2026 Dominice)

440 2032 472 2095 in
496 2031 607 2115 primis
630 2031 779 2116 Vesperis
802 2039 837 2096 ut
868 2033 901 2097 in
924 2034 1035 2117 quovis
1065 2032 1256 2117 precedenti
1281 2030 1448 2108 Sahbato,
1471 2031 1487 2095 i·

440 2129 566 2204 temque
601 2128 762 2205 ponuntur
795 2120 889 2185 Initia
923 2120 1077 2186 librorum
1111 2140 1212 2185 sacrae
1231 2118 1417 2207 Scripturas
1449 2118 1487 2204 qui

441 2207 556 2273 ibidem
580 2208 808 2284 inscribuntur,
825 2229 997 2294 eorumque
1014 2209 1120 2273 Lectio
1144 2230 1201 2295 per
1224 2208 1372 2293 singulas
1397 2224 1490 2275 earum

440 2296 662 2362 Hebdomadas
686 2299 891 2362 continuatur
914 2296 961 2383 (*).
986 2298 1026 2363 tt
1049 2298 1076 2363 si
1099 2296 1286 2384 September
1309 2318 1351 2363 ex
1371 2306 1491 2385 quatuor

440 2392 563 2453 tautum
586 2385 759 2451 Dominicis
784 2392 918 2462 constet,
942 2394 1018 2452 tunc
1040 2386 1130 2452 Eeria
1154 2387 1264 2474 quinta
1287 2384 1490 2454 Hebdomade

441 2483 562 2559 quartae
586 2475 668 2539 liber
691 2475 805 2541 Esther
828 2477 1001 2561 suscipitur
1024 2476 1175 2559 legendus
1198 2475 1282 2562 (cum
1306 2478 1378 2542 suis
1400 2475 1458 2562 rid,
1470 2473 1492 2539 si

439 2563 494 2629 fiat
518 2563 556 2628 de
579 2562 698 2649 Feria),
722 2585 758 2629 ac
781 2565 899 2649 legitur
923 2584 1047 2650 qrroque
1071 2565 1161 2630 Eeria
1184 2572 1271 2629 sexta
1297 2584 1337 2630 ac
1363 2564 1489 2631 Sabbato

439 2653 627 2737 insequenti.
652 2651 787 2717 Robrica
817 2663 888 2717 onte
918 2653 990 2718 Fer.
1020 2652 1046 2717 V
1075 2652 1223 2719 Hebdonr.
1248 2652 1267 2717 Ι
1273 2652 1297 2716 V
1327 2655 1415 2742 Sept.
1437 2651 1491 2720 Etsi

439 2761 536 2827 porro
560 2740 590 2804 in
614 2740 706 2805 Feria
724 2743 833 2826 quinta
856 2741 985 2807 initium
1008 2749 1144 2827 ponatur
1167 2742 1238 2807 libri
1262 2741 1384 2808 Esther
1407 2741 1491 2808 veluti

439 2830 471 2894 in
499 2828 662 2893 Dominica
694 2831 803 2914 quinta
834 2828 1052 2916 Septembre,
1084 2830 1174 2896 Eoria
1205 2837 1313 2895 tamen
1346 2840 1436 2898 sexta
1464 2849 1493 2894 ac

439 2917 579 2982 Sabbato
602 2938 665 2982 non
689 2919 864 3007 recitantur
888 2918 1015 3003 quidem
1038 2919 1203 2985 Lectiones
1226 2918 1330 2984 Eeriae
1355 2917 1493 2987 secunde

440 3013 473 3070 et
495 3006 607 3081 tertiae,
632 3007 687 3070 sed
710 3007 875 3072 Lectiones
898 3006 997 3073 Eeriae
1021 3016 1117 3074 sextae
1140 3017 1172 3073 et
1187 3006 1320 3076 Sabbati
1339 3008 1409 3095 ejus
1425 3007 1495 3074 Eeb

440 3092 583 3159 domadae
607 3095 736 3179 quintae.
764 3095 806 3160 m
829 3095 882 3160 uhi
906 3096 1060 3181 ejusmodi
1085 3105 1149 3162 tres
1172 3096 1272 3161 Feriee
1296 3097 1380 3162 adeo
1404 3098 1492 3182 impe·

441 3182 568 3248 diantur
590 3182 692 3248 Eestis
718 3183 908 3249 habentibus
936 3184 1100 3251 Lectiones
1123 3185 1217 3270 primi
1242 3184 1407 3253 Nocturni
1430 3204 1494 3272 pro·

439 3273 525 3358 prias
541 3273 590 3339 rel
605 3272 645 3339 de
662 3272 829 3338 Communi
845 3273 1038 3358 adsignatus,
1055 3274 1136 3339 utin
1153 3274 1239 3339 nulla
1257 3293 1377 3342 earum
1392 3271 1496 3361 reponi

499 3520 535 3598 (⁴)
554 3524 613 3583 Hoc
635 3540 732 3583 mense
753 3521 916 3601 Septembri
937 3530 997 3583 acta
1020 3520 1153 3598 teguntur
1172 3521 1245 3593 Joh,
1265 3521 1387 3596 Tobiae,
1409 3522 1497 3588 totta

436 3606 465 3660 et
486 3601 598 3675 Esther,
621 3610 651 3662 ut
672 3600 738 3662 inde
766 3601 979 3680 preclarissima
1008 3601 1144 3662 virtutum
1166 3601 1298 3679 exempta
1328 3604 1414 3667 nobis
1443 3601 1497 3666 iuri·

436 3679 521 3739 tanda
543 3698 757 3757 proponamus,
777 3689 805 3740 et
826 3680 940 3742 ittarum
969 3680 1092 3741 maxime
1115 3699 1179 3758 qrrae
1199 3681 1366 3744 cardinales
1387 3685 1497 3746 sunt-t

438 3757 537 3819 Judith
552 3759 628 3820 enim
644 3761 672 3820 in
688 3758 786 3820 arduis
803 3759 1001 3821 tortitudinem
1024 3759 1186 3834 ediscimus;
1204 3759 1239 3820 ab
1254 3761 1361 3823 Esther
1376 3763 1405 3824 in
1421 3763 1497 3826 rebat

438 3837 573 3898 secundis
594 3839 852 3918 temperantiam3a
875 3839 929 3901 Joh
952 3858 1021 3901 vero
1042 3857 1075 3899 ac
1095 3838 1185 3900 Tobia
1213 3857 1270 3900 non
1292 3843 1381 3903 modo
1402 3843 1498 3923 patim

440 3917 518 3988 tiam,
540 3917 590 3979 sed
614 3918 649 3978 ah
671 3918 762 3980 altero
781 3918 932 3999 justitiam,
952 3920 989 3981 ah
1010 3919 1099 3980 attero
1121 3919 1301 3998 prudentiam
1324 3923 1498 4001 potissimae

439 3995 605 4058 edocemur.
621 4001 733 4059 Rursus
754 4000 781 4058 in
802 3997 857 4060 tob
872 3999 921 4077 qui
943 4006 983 4061 tot
997 3998 1070 4060 inter
1090 4016 1233 4060 erumnas
1254 3997 1429 4066 firmissime
1448 4006 1499 4065 Det

443 4075 580 4149 adheret,
593 4077 729 4138 Ecclesioe
750 4079 939 4158 presignetur
953 4097 1020 4158 pax,
1034 4076 1169 4140 maximis
1189 4077 1257 4141 iicet
1279 4079 1329 4142 itta
1351 4082 1499 4148 tribulatio·

448 4153 542 4228 nibus,
563 4164 661 4238 utpote
683 4156 819 4232 mititem,
840 4157 1028 4222 conflictatur.
1049 4159 1097 4220 tto
1115 4157 1209 4237 feram
1231 4159 1383 4226 Tetamua.
