3484 4875
455 493 629 541 antomon
646 493 675 538 Ill
691 493 851 539 conlucens
866 492 903 537 ΕΤ
918 492 1022 538 ronias
1039 491 1163 539 AUGUSTI
1259 473 1319 541 W

275 606 374 675 sunt:
398 608 494 686 atque
516 608 679 687 ponuntur
700 600 794 665 Initia
817 601 954 666 aliorum
985 600 1142 666 librorum
1166 599 1344 688 Sapientia·

274 688 378 765 lium,
401 709 538 775 quorum
565 689 696 765 Lectio,
719 690 765 754 uti
795 688 913 754 ibidem
937 695 1084 766 constat,
1114 708 1172 775 per
1201 691 1345 775 singulas

275 776 502 844 Hebdomadas
526 787 575 843 cst
597 777 802 864 producenda
825 776 874 864 (*).
898 777 940 843 At
970 778 997 842 si
1021 779 1184 862 Angustus
1208 786 1347 863 quatuor

275 875 402 933 tantum
418 867 599 932 llominicas
623 866 883 952 comprehendat,
899 874 976 931 tunc
990 866 1023 932 io
1039 866 1189 952 Vesperis
1212 867 1345 934 Sabbati

275 955 493 1021 Hcltdomadae
525 964 647 1041 quartae
678 957 796 1040 legitur
819 953 1000 1040 Antiphona
1027 954 1105 1020 Cum
1132 955 1265 1021 audisset
1287 956 1346 1022 tot
1405 1021 1408 1026 .

275 1066 336 1131 pro
361 1045 525 1110 llominica
549 1045 652 1131 prima
675 1044 885 1130 Septembris,
907 1044 997 1129 cujus
1021 1047 1197 1109 recitantur
1220 1065 1346 1130 quoquc

276 1134 445 1199 Lectiones
469 1142 501 1198 ct
522 1133 592 1219 iilic
616 1132 781 1199 llominica
805 1152 880 1197 uero
904 1133 1014 1219 quinta
1030 1132 1166 1217 Augusti
1191 1154 1262 1198 cum
1288 1153 1346 1200 sua

276 1222 484 1287 Hebdomada
508 1222 776 1307 praetermittitur.
802 1221 897 1287 liubr.
923 1231 993 1285 autc
1016 1222 1095 1286 douc
1117 1221 1208 1287 Dour.

345 1312 375 1376 5.
401 1309 493 1390 Quod
516 1319 639 1396 spectat
665 1310 705 1375 ad
721 1310 888 1375 Lectiones
912 1310 999 1374 tertii
1021 1310 1175 1375 Nocturni
1193 1311 1225 1375 in
1240 1309 1347 1375 llomi·

277 1400 358 1465 nicis
381 1409 455 1486 post
478 1400 710 1474 Pentecosten,
741 1398 781 1464 ad
811 1397 957 1464 Officium
980 1397 1112 1473 feriale,
1140 1398 1180 1463 ad
1204 1398 1346 1486 Hymnos

278 1498 363 1566 etc,
395 1489 426 1552 id
459 1489 588 1575 perlege
611 1488 696 1574 quod
728 1486 767 1552 de
791 1496 937 1575 tempore
968 1489 1161 1575 explicatum
1194 1496 1242 1555 est
1274 1495 1348 1575 post

277 1578 418 1644 lllensem
443 1578 587 1663 proxime
610 1577 819 1663 superiorem.

335 1973 369 2049 (Ἴ
391 1972 581 2051 Sapientialcs
603 1972 669 2033 libri
692 1974 745 2033 lroc
766 1991 863 2032 mense
886 1973 1007 2050 Augusti
1030 1974 1179 2049 leguntur,
1201 1973 1267 2053 quia
1284 1982 1349 2051 post

275 2062 387 2132 Regum
403 2052 543 2114 Historias
557 2072 673 2131 acquum
689 2061 732 2111 est
753 2062 784 2111 nt
803 2053 937 2112 Salomon
953 2052 1087 2113 audiatur
1103 2072 1203 2129 regum
1220 2054 1349 2116 omniunt

275 2133 527 2213 sapientissimus,
556 2132 677 2211 ejusque
699 2133 869 2191 documenta
893 2131 991 2190 divino
1014 2133 1146 2192 instinctu
1170 2135 1272 2192 tradita
1298 2152 1350 2193 au-

275 2216 422 2275 dientibus
450 2212 532 2273 nobis
554 2212 677 2271 coelestis
705 2209 854 2289 sapientiae
877 2228 974 2270 amore
997 2230 1046 2271 cor
1079 2211 1170 2287 magis
1199 2212 1350 2291 magisque

275 2296 438 2355 incalescat.
461 2296 491 2352 ln
516 2293 595 2352 liluis
610 2290 831 2367 Sapientiulibns
855 2290 1023 2367 praesignari
1040 2309 1133 2350 aevum
1156 2310 1213 2368 quo
1235 2297 1279 2352 Ss.
1295 2297 1349 2352 llo

275 2385 370 2436 clercs
392 2372 526 2434 Ecclesiae
547 2373 716 2446 llorueruut,
738 2372 821 2431 docet
842 2371 999 2450 liupertus.
1017 2370 1064 2430 lto
1083 2370 1175 2448 [ertuc
1201 2373 1348 2432 l'ctnmus.
