3484 4875
362 459 430 526 101
617 475 711 524 55555
726 476 792 523 555.
809 475 848 522 55
862 475 960 523 555555
976 476 1142 524 5555555555

343 604 416 650 eum
438 581 490 650 551
513 582 635 668 absque
661 583 769 649 Gloria
793 589 826 648 51
850 581 973 661 Credo,
996 590 1103 670 prout
1116 584 1205 649 ritus
1228 589 1260 650 et
1283 583 1388 670 quala

341 671 448 738 blissae
471 680 642 757 exposcat,
665 678 698 737 et
720 670 780 738 sub
804 670 900 737 unica
923 671 1131 738 conclusione
1156 670 1288 738 additur
1308 672 1390 758 prim

342 758 489 826 Orationi
512 759 679 827 dumtaxat
702 759 965 824 commemoratio
989 778 1048 844 pro
1073 758 1239 846 Episcopo
1268 778 1305 825 ex
1323 757 1392 826 ldisrr

342 849 578 921 anniversaria;
603 845 776 913 dummodo
794 866 857 912 non
875 846 1057 912 celebretur
1074 845 1198 931 duplex
1213 848 1324 934 primae
1337 847 1393 914 5115Ι

341 936 399 1011 515,
417 944 485 1001 tum
502 936 620 1022 quippe
636 935 692 1000 illo
709 953 793 1001 anno
817 934 856 999 de
880 934 1100 999 anniversario
1125 934 1210 999 nibil
1225 935 1272 1006 lit.
1290 933 1393 1000 05555

340 1022 400 1112 Ep.
426 1023 477 1088 tit.
501 1022 522 1087 1
546 1044 572 1087 5.
597 1023 639 1087 55
664 1032 693 1087 51
714 1021 746 1087 S.
772 1022 808 1087 Il.
836 1021 868 1087 0.
893 1022 915 1087 4
937 1022 1015 1108 Apr.
1034 1021 1175 1086 170515
1190 1021 1316 1110 Epeion.
1331 1019 1394 1094 att.

342 1109 450 1176 atet.
476 1109 561 1176 rtet
597 1110 630 1175 io
664 1109 855 1174 bracharen.
892 1107 934 1173 cd
968 1108 999 1185 7,
1035 1119 1064 1173 51
1101 1108 1144 1173 11
1169 1109 1258 1197 Sept.
1284 1108 1395 1174 talto

345 1197 550 1263 0555555555.
575 1196 617 1261 cd
641 1195 659 1260 5
684 1198 768 1261 5115
791 1194 986 1261 Meeblr'nieo.
1011 1196 1053 1260 ed
1075 1195 1107 1260 5.

410 1286 462 1351 ll.
487 1283 684 1350 decurrente
707 1284 768 1349 boe
792 1283 967 1348 Electionis
990 1291 1022 1348 et
1043 1282 1310 1349 eonsecrationis
1325 1282 1395 1348 doni·

341 1374 495 1448 versario,
519 1374 551 1438 in
575 1371 724 1437 omnibus
747 1371 852 1436 blissis
875 1368 1047 1458 (vivorum
1063 1369 1090 1457 ),
1115 1391 1191 1456 qnae
1215 1371 1397 1438 celebrantur

343 1479 380 1524 ea
405 1460 455 1526 die
479 1461 512 1525 in
535 1459 690 1525 Ecclesiis
706 1466 738 1523 et
755 1457 913 1525 Oratoriis
930 1462 1028 1524 etiam
1044 1460 1206 1545 exemptis
1227 1462 1324 1526 totins
1337 1458 1397 1522 llic·

345 1549 427 1613 cesis
451 1547 593 1633 (practer
616 1547 864 1613 Convenlualem
889 1547 921 1611 in
946 1545 1128 1612 Cathedrali
1158 1555 1194 1611 et
1218 1547 1398 1631 collegiatis,

343 1636 397 1700 ubi
421 1642 494 1719 post
516 1635 640 1700 Nonam
663 1634 882 1700 Anniversarii
906 1634 1001 1699 Missa
1030 1633 1178 1699 canenda
1195 1644 1258 1712 est,
1276 1644 1400 1719 utsupra

345 1719 527 1807 ediximus)
545 1742 582 1787 ex
599 1729 772 1808 praecepto,
789 1720 963 1786 accedente
979 1722 1132 1808 Episcopi
1150 1724 1320 1797 mandato,
1334 1739 1400 1786 cen·

344 1810 535 1876 memoratio
559 1830 618 1895 pro
641 1811 712 1895 ipso
737 1809 896 1894 Episcopo
919 1809 976 1885 fit,
999 1829 1071 1893 quae
1094 1829 1135 1874 ex
1157 1808 1259 1876 Missa
1283 1810 1402 1876 5551555

344 1898 429 1963 55515
454 1898 601 1963 sumitur.
626 1898 658 1962 S.
683 1897 719 1961 lt.
740 1897 772 1962 C.
799 1898 839 1961 17
863 1895 948 1983 Sept.
974 1897 1059 1961 1785
1084 1898 1116 1959 in
1140 1892 1405 1984 Portupnllerced¹

345 1986 376 2061 5,
399 1984 442 2049 15
465 1983 543 2071 Mcj.
570 1985 655 2050 1855
680 1984 712 2048 in
733 1984 924 2049 Numerone.
949 1983 991 2047 cd
1014 1984 1033 2048 7
1058 1992 1087 2047 51
1112 1982 1155 2047 lt
1178 1983 1264 2069 deep.
1282 1983 1406 2050 1851115

348 2072 514 2137 (15555155.
539 2071 582 2137 od
605 2072 718 2147 5151
740 2072 769 2136 5.
786 2072 938 2136 Attamen
962 2072 989 2134 si
1013 2070 1284 2138 nnnivorsariom
1306 2069 1409 2152 incitbt¹

342 2162 376 2224 in
400 2159 531 2225 Festum
548 2160 665 2245 duplex
680 2160 793 2245 primae
811 2159 937 2234 5155515,
955 2158 985 2223 15
1004 2158 1207 2226 dominicam
1225 2160 1402 2230 Parmeno,

344 2249 379 2313 in
402 2247 558 2314 Triduum
581 2247 692 2313 ltlortis
716 2246 857 2322 Christi,
881 2266 918 2310 ac
942 2246 974 2310 in
998 2245 1132 2330 Vigilias
1155 2246 1343 2312 Natiuitatis
1361 2246 1410 2312 tto

342 2337 422 2402 mini
445 2345 478 2401 et
501 2336 717 2410 Pentecostes,
742 2354 779 2400 55
803 2336 1067 2400 commemoratio
1091 2354 1231 2420 prorsus
1254 2336 1319 2401 5511
1333 2333 1406 2399 omit·

343 2422 450 2492 tenda.
476 2422 609 2490 Slvere
633 2430 784 2489 occurrat
807 2424 840 2489 in
863 2421 959 2487 Ecsto
984 2422 1103 2509 duplici
1127 2420 1406 2493 555551155155511Ι

343 2511 380 2579 lit
403 2511 544 2599 quidem,
568 2512 625 2578 sed
648 2511 709 2577 sub
733 2511 826 2577 unica
850 2512 1058 2577 conclusione
1081 2531 1156 2576 cum
1179 2510 1337 2577 05511555
1350 2509 1406 2575 llio

343 2620 410 2675 sae,
435 2602 496 2666 nisi
519 2599 602 2665 lorte
626 2600 689 2664 alia
714 2605 829 2681 agatur
863 2599 1151 2673 commemoratio,
1186 2597 1266 2663 buin
1302 2597 1407 2684 quippe.

343 2695 412 2753 tum
436 2685 521 2751 leret
542 2685 756 2772 adjungenda.
780 2686 816 2750 ln
840 2685 944 2750 Festis
980 2693 1088 2751 autern
1124 2682 1291 2751 inferioris
1319 2687 1404 2757 ritus,

343 2774 379 2840 fit
402 2793 531 2858 semper
554 2774 614 2838 sub
639 2774 845 2843 conclusione
867 2771 1041 2848 distincta,
1073 2781 1105 2838 51
1129 2780 1204 2859 post
1229 2773 1312 2838 alias
1336 2789 1402 2838 con·

343 2861 593 2926 memorationes
625 2879 643 2924 a
674 2861 823 2927 Rubrieis
846 2861 1065 2946 proscriptas.
1083 2860 1121 2934 ,8.
1146 2861 1183 2925 ll.
1211 2860 1246 2926 Ο.
1272 2861 1314 2925 17
1337 2860 1402 2945 Sept
1435 2884 1438 2921 ÷

345 2948 432 3013 l785
456 2950 488 3012 in
511 2947 721 3032 Portepullen.
746 2949 788 3013 nel
812 2949 831 3012 5
856 2957 885 3012 51
911 2948 951 3012 11
968 2948 1052 3035 Sept.
1072 2947 1158 3014 111111
1175 2946 1400 3013 tellectum

345 3034 441 3101 5515.
467 3034 502 3100 Si
525 3034 788 3101 anniversarium
822 3037 856 3101 in
892 3034 976 3100 diem
1001 3043 1172 3111 occurrat,
1203 3054 1269 3120 qua
1292 3035 1402 3101 minino

343 3122 577 3210 prohibeantur
600 3124 704 3188 111555
727 3125 841 3189 551155
865 3123 1012 3209 privatae,
1037 3144 1100 3189 non
1124 3132 1299 3208 propterea
1323 3119 1400 3187 Anni·

343 3212 480 3278 versarii
503 3211 599 3276 blissa
622 3212 686 3295 legi
709 3218 829 3296 potest,
854 3230 954 3295 qurrm
978 3212 1048 3295 ipsa
1071 3231 1135 3275 uon
1159 3213 1202 3276 sit
1225 3210 1348 3276 Votivis
1362 3226 1399 3273 ac·

344 3299 515 3366 censenda.
541 3299 621 3364 ltem
645 3298 730 3384 qnod
753 3299 785 3363 in
809 3298 916 3362 blissis
939 3299 1028 3362 illius
1051 3297 1106 3362 liat
1130 3297 1399 3365 commemoratio,

343 3409 407 3454 non
431 3389 553 3454 ideirco
577 3385 625 3452 las
642 3395 692 3452 est
708 3384 896 3472 Symbolum
915 3384 1044 3461 addere,
1067 3387 1093 3450 si
1111 3386 1242 3453 aliunde
1259 3407 1323 3451 non
1339 3399 1400 3470 pra

344 3478 492 3562 cipiatnr.
516 3476 548 3541 S.
573 3475 609 3540 ll.
637 3474 669 3540 C.
695 3473 737 3537 11
760 3475 845 3562 Sept.
861 3472 947 3538 1810
973 3474 1003 3537 in
1026 3471 1221 3538 Meellleien.
1246 3467 1398 3538 5511511

412 3564 465 3628 11.
489 3563 580 3642 Quod
605 3560 645 3626 ad
668 3561 799 3627 Missam
823 3561 939 3626 attinet
962 3561 1216 3625 anniversariam
1243 3569 1309 3626 tam
1325 3559 1399 3624 Grot-

344 3650 442 3715 tionis
465 3671 562 3735 qnam
585 3650 808 3716 coronationis
832 3647 957 3714 Summi
981 3648 1145 3713 Pontilieis
1180 3668 1240 3733 pro
1277 3656 1400 3732 temporo

343 3739 533 3820 regnantis,
556 3759 620 3804 non
644 3737 700 3803 illa
725 3737 854 3821 quidem
879 3743 969 3800 extra
1004 3733 1130 3800 Statum
1154 3733 1399 3801 Ecclesiasticcn

346 3823 539 3900 celebratur,
555 3825 620 3890 sed
644 3827 713 3910 ejus
738 3832 863 3889 tantum
889 3825 1152 3888 commemoratio
1177 3823 1213 3888 lit
1235 3843 1275 3889 ex
1302 3834 1399 3909 praet

346 3920 403 3999 pto
426 3931 484 3997 per
507 3912 682 3978 Colleetam
705 3912 790 3976 11555
813 3914 953 3977 omnium
976 3909 1133 3975 Entellum
1159 3908 1272 3976 Pootor
1300 3916 1357 3975 etc.
1376 3904 1399 3968 15

344 4000 450 4068 blissis
473 3999 643 4088 singulis(
658 3998 829 4084 vivorum)
853 4000 886 4063 in
911 3999 1059 4065 universa
1089 3997 1243 4066 Ecclesia.
1268 3998 1398 4065 Attamen
