3484 4875
502 482 723 527 nonorirroues
739 483 770 528 m
784 482 875 528 resra
893 480 1057 529 neormam
1230 463 1299 529 445

293 586 501 653 celebrantur
530 588 667 671 integra)
699 588 738 653 de
769 589 802 654 S.
827 586 1009 664 Silvestre,
1040 596 1076 653 ut
1106 589 1138 653 in
1173 590 1325 655 secundis

291 675 444 761 Vesperis
469 675 507 740 de
531 676 696 741 Communi
721 675 920 741 Confessoris
944 676 1117 752 Pontificis
1143 696 1216 742 cum
1235 677 1324 743 Anti-

290 762 400 847 phona
425 762 465 828 ad
488 762 670 851 Mcpna'ficet
692 763 776 829 dum
800 773 885 829 esset.
909 764 1052 849 Namque
1076 764 1268 850 Antiphonae
1292 773 1324 831 et
1354 819 1357 824 .

288 851 412 916 Psalmi
445 851 484 915 de
507 851 679 917 Nativitate
708 850 775 936 jam
800 853 830 916 in
855 852 969 938 primis
993 851 1141 936 Vesperis
1166 850 1197 916 S.
1224 850 1323 919 Silve-

289 940 350 1003 stri
377 939 549 1013 desinunt;
575 940 649 1023 quia
674 938 741 1003 dies
766 940 902 1024 septima
926 938 1009 1004 inira
1033 938 1184 1004 Octavam
1218 940 1323 1024 cujus·

292 1046 432 1111 cumque
455 1027 541 1091 Festi
573 1033 662 1091 caret
692 1027 842 1092 secundis
864 1026 1038 1112 Vesperis,
1071 1027 1186 1111 quihus
1209 1047 1325 1112 nempe

289 1114 511 1199 praecedentes
536 1115 604 1179 dies
627 1113 710 1178 inira
742 1114 887 1178 eamdem
913 1123 987 1178 sunt
1020 1114 1163 1199 praediti,
1188 1114 1324 1200 ideoque

288 1204 430 1286 septima
453 1202 509 1266 illa
534 1203 602 1266 dies
627 1203 748 1287 primas
772 1202 857 1266 Festi
894 1202 1051 1287 Vesperas
1076 1202 1135 1266 sibi
1173 1203 1322 1268 vindicat.

293 1289 369 1353 Gon.
388 1300 417 1354 et
433 1289 572 1354 Meretur
595 1299 666 1354 sect.
685 1291 703 1355 6
730 1311 755 1354 c.
772 1289 792 1354 6
815 1312 846 1354 n.
863 1290 894 1355 9.
919 1289 1061 1374 denique
1078 1289 1214 1354 habetur
1231 1290 1322 1355 dum·

289 1383 381 1441 taxat
416 1378 679 1442 commemoratio
722 1378 885 1461 sequentis
923 1377 1008 1442 Festi
1053 1377 1322 1443 Circumcisionis.

286 1463 448 1529 Patronus
472 1486 568 1550 porro
592 1466 642 1531 vel
665 1464 818 1530 'litularis
845 1465 906 1529 hoc
936 1474 1080 1550 tempore
1104 1466 1234 1529 minime
1266 1464 1320 1529 a'd-

288 1553 403 1704 ppiscit
426 1553 597 1629 Octavam,
622 1553 892 1638 quemadmodum
916 1555 1098 1619 monuimus
1122 1554 1181 1617 suh
1206 1553 1257 1617 die
1282 1553 1321 1617 46

316 1641 389 1725 ujus
413 1662 444 1705 n.
470 1640 508 1704 ll.

335 1728 390 1793 ΙΙΙ.
415 1729 448 1793 Si
473 1728 604 1793 Festum
628 1727 844 1793 dedicationis
862 1728 1013 1794 Ecclesiae
1038 1729 1155 1794 alicubi
1172 1735 1322 1793 occurrat

287 1818 323 1881 in
340 1815 438 1881 Festo
455 1816 487 1881 S.
506 1816 664 1904 silvestri,
682 1815 776 1901 hujus
793 1814 938 1892 Officium
955 1817 1202 1902 haudquaquam
1222 1824 1323 1880 trans·

289 1903 396 1969 iertur
421 1904 543 1991 (prout
566 1905 789 1991 prescriptum
812 1914 856 1968 est
880 1926 905 1969 e.
930 1906 950 1969 4
974 1929 1003 1969 n.
1030 1906 1069 1969 47
1094 1905 1143 1970 IV
1153 1905 1169 1990 )
1203 1905 1242 1969 ad
1267 1924 1321 1968 an·

286 2012 367 2057 num
391 1994 535 2077 proxime
559 1993 742 2064 ineuntem3
767 1991 822 2055 sod
847 1992 908 2057 hac
933 1994 1001 2077 ipsa
1028 1993 1077 2057 die
1102 2013 1182 2077 opus
1215 1999 1323 2056 estut

287 2081 322 2144 in
347 2079 564 2145 dedicationis
580 2079 675 2143 Festo
693 2085 807 2161 agatur
830 2079 932 2163 ipsius
957 2080 1219 2144 commemoratio
1237 2078 1323 2165 (ante

286 2168 427 2232 alteram
450 2165 577 2232 Octava
600 2164 805 2249 Nativitatis)
830 2166 861 2228 in
886 2167 999 2250 primis
1023 2167 1185 2251 vesperis,
1209 2165 1322 2229 Laudi·

286 2255 351 2321 hus
375 2263 407 2319 et
430 2255 525 2320 llissa
550 2255 645 2320 etiam
671 2254 817 2328 solemni,
842 2274 914 2317 earm
940 2274 1023 2318 nona
1047 2253 1197 2317 Lectione
1221 2252 1319 2316 histo-

284 2344 357 2408 rica
388 2364 425 2407 ex
459 2344 559 2407 trilms
592 2342 729 2407 conflata
761 2340 801 2406 ad
825 2341 1037 2416 hlatntioum‚
1070 2341 1131 2405 nisi
1155 2340 1320 2404 [lominica

285 2430 448 2504 inciderit;
468 2440 533 2497 tum
551 2432 667 2517 quippe
685 2451 767 2495 nona
784 2429 892 2493 Lectio
917 2430 978 2494 erit
1002 2428 1040 2493 dc
1058 2429 1190 2494 homilia
1213 2427 1319 2493 domi·

285 2521 380 2586 nicae.
398 2519 429 2583 S.
447 2519 483 2583 lt.
504 2519 536 2584 C.
553 2520 595 2583 23
613 2520 684 2583 Jun.
705 2519 788 2582 4745
806 2519 838 2581 iu
854 2517 969 2583 Lueteo.
988 2517 1159 2581 Surzuneu.
1178 2525 1206 2579 et
1223 2517 1319 2581 dude.

284 2604 390 2696 pecul.
415 2629 445 2669 n.
472 2608 545 2672 l75.
574 2607 686 2692 Confer
710 2607 804 2670 etium
828 2606 969 2692 eaposite
994 2626 1019 2669 c.
1045 2605 1063 2669 6
1088 2627 1117 2669 n.
1142 2606 1173 2670 9.
1198 2604 1234 2667 ln
1258 2605 1321 2688 pri·

286 2696 352 2760 mis
368 2694 518 2779 Vesperis
539 2695 766 2768 dedicationis,
784 2714 801 2757 a
819 2694 965 2778 Capitulo
982 2694 1017 2757 lit
1041 2692 1079 2757 de
1103 2693 1183 2778 ipsa,
1201 2691 1321 2776 absque

287 2784 597 2848 commemoratione
614 2780 817 2855 dctavarum,
831 2783 857 2845 si
883 2781 978 2846 modo
996 2781 1123 2846 unicam
1138 2780 1320 2845 Natiuitatis

285 2870 447 2954 excipias,
473 2878 507 2934 ut
530 2891 561 2934 n.
587 2871 752 2954 superiore
776 2869 977 2934 declaratum
1002 2877 1060 2933 est.
1085 2868 1240 2933 Secundae
1264 2887 1319 2932 au-

287 2968 353 3022 tem
370 2956 521 3042 Vesperae
545 2959 677 3040 integrae
702 2957 929 3041 persolvuntur
954 2957 992 3022 de
1018 2957 1223 3021 dedicatione
1248 2976 1319 3021 cnm

285 3047 357 3112 sola
375 3047 680 3109 commemoratione
703 3046 867 3129 sequentis
891 3045 978 3109 desti
997 3044 1267 3117 Circumcisionis,
1285 3051 1321 3107 ut

285 3134 410 3219 pariter
433 3132 566 3217 praesento
591 3155 621 3197 n.
647 3134 864 3217 praestitutum
889 3141 947 3197 est.

333 3220 385 3284 lV.
410 3221 444 3284 ln
470 3220 579 3285 Officio
604 3221 862 3285 circumcisionis
887 3219 996 3285 Oratio
1021 3226 1070 3284 est
1093 3219 1175 3284 deus
1199 3218 1253 3303 qui
1274 3240 1321 3282 su-

287 3309 361 3373 lute's
386 3317 469 3381 etc.;
504 3329 574 3393 qnae
608 3309 736 3372 tametsi
768 3308 879 3373 eadem
913 3308 953 3372 sit
987 3314 1083 3391 atque
1113 3308 1216 3370 altera
1248 3325 1319 3390 quae

286 3396 458 3482 subjicitur
482 3404 555 3480 post
579 3397 793 3482 Antiphonem
818 3395 945 3460 finalem
969 3395 1078 3469 Ateio,
1103 3414 1167 3458 non
1190 3400 1318 3478 propte-

288 3503 346 3549 rea
371 3484 440 3548 haee
464 3484 616 3548 varianda
640 3486 711 3558 erit,
728 3485 845 3569 qnippe
869 3503 942 3547 oum
966 3492 1056 3546 extra
1079 3480 1226 3546 divinum
1249 3479 1320 3546 dlii·

287 3572 372 3637 cium
397 3572 561 3636 recitetur.
590 3572 692 3637 Cueel.
718 3582 758 3636 to.
783 3573 803 3636 d
829 3593 854 3636 e.
879 3572 922 3635 46
947 3570 976 3635 d.
1001 3570 1021 3634 d
1045 3592 1075 3634 n.
1102 3570 1132 3634 l.
