3484 4875
540 510 716 558 amorium
731 508 805 556 rnsr
821 506 959 554 ocravtu
975 507 1165 555 escnusrours
1305 491 1366 558 501

330 614 405 680 tren.
423 614 540 681 Omnia
564 618 596 683 in
617 616 729 685 Ollicio
753 623 952 701 peraguntur
974 621 1010 678 ut
1032 634 1129 700 snpra
1153 634 1185 679 n.
1202 615 1233 679 7.
1251 614 1286 681 ln
1309 616 1393 682 llar-

330 704 478 789 yrologin
502 704 606 791 primo
630 706 701 771 loco
725 704 843 787 legitur
866 702 937 767 Dies
961 700 1160 767 Pentecostes.
1179 702 1275 768 Color
1299 704 1393 771 albus

332 790 488 857 dhibctur
511 813 612 878 usque
635 792 677 858 ad
700 791 834 865 Nonam,
851 789 892 854 ad
915 789 1116 874 Prophetias‚
1134 789 1393 857 Benedictionem

330 876 427 943 'ontis
453 888 485 944 et
500 879 641 945 Litanias
658 881 749 945 color
771 877 943 951 violaceus,
961 878 1002 941 ad
1018 876 1132 941 llissas
1155 878 1246 942 color
1262 878 1391 943 rubeus.

330 985 348 1029 n
372 966 482 1031 Missis
506 968 639 1053 privatis
663 967 817 1031 lutroitus
841 972 891 1029 est
916 964 996 1029 Corn
1019 966 1250 1051 sanctificatus,
1275 965 1395 1031 dicitur

329 1052 449 1129 llario,
481 1063 513 1120 et
536 1056 631 1121 unica
655 1053 765 1119 Oratio
796 1051 954 1139 (exclusa
979 1054 1283 1117 commemoratione
1307 1052 1395 1119 Festi

330 1139 474 1225 implicis
506 1144 556 1207 vel
588 1143 692 1207 instar
715 1142 775 1206 sim
799 1140 892 1214 linis,
924 1140 984 1203 etsi
1014 1137 1098 1204 lanta
1131 1141 1173 1204 sit
1204 1141 1236 1205 in
1260 1138 1394 1218 Ollicio,

329 1247 442 1293 tecnon
458 1229 598 1295 Colleeta
621 1161 797 1315 imperata&
813 1235 910 1311 atque
934 1226 1093 1292 omittitur
1119 1227 1227 1294 Credo.
1245 1227 1395 1294 Praefatio

329 1314 379 1391 lui
401 1316 578 1393 ascendens,
596 1317 864 1383 Communicamus
888 1314 930 1401 (in
953 1333 1016 1400 quo
1035 1315 1205 1399 legendum
1225 1324 1279 1393 ,est
1301 1316 1395 1381 Innu-

329 1403 411 1466 nerr‘s
435 1404 546 1490 linquis
570 1405 732 1493 apparuit,
756 1424 819 1469 non
844 1411 952 1467 autem
976 1401 1078 1486 ipre-itis
1103 1403 1223 1487 linquis
1248 1404 1278 1469 S.
1297 1402 1333 1468 R.
1363 1390 1395 1469 O.

329 1490 359 1555 lo
375 1489 471 1556 Mart.
490 1493 577 1558 lanu
592 1494 624 1557 iu
646 1514 710 1557 unc
730 1491 803 1556 urat.
824 1490 1015 1555 Clericorum
1031 1490 1121 1575 Min.)
1139 1499 1171 1555 et
1186 1490 1276 1556 Hane
1298 1490 1395 1576 ipitur

329 1587 392 1643 runt
410 1582 539 1665 propria
557 1601 659 1666 usque
682 1580 733 1644 ab.
744 1578 921 1644 Sabbatum
938 1578 1081 1663 proxime
1098 1598 1245 1662 sequeus.
1258 1615 1303 1627 -
1318 1579 1396 1645 Post

329 1664 441 1732 lenam
458 1669 630 1735 Celebrans
654 1688 728 1733 eum
748 1667 901 1731 llinistris
925 1666 1062 1731 amictus
1085 1665 1281 1733 indumentis
1304 1668 1396 1732 utin

329 1752 542 1820 denedictione
559 1758 745 1821 Palmarum
769 1754 851 1839 (uide
868 1763 971 1817 annot.
990 1752 1021 1816 in
1038 1753 1136 1818 Hebd.
1154 1755 1231 1839 maj.
1249 1777 1279 1818 n.
1299 1754 1343 1836 5),
1360 1773 1396 1819 sc

329 1840 444 1908 conlort
460 1844 501 1908 ad
517 1844 638 1919 Altare,
656 1842 741 1929 quod
758 1842 922 1907 osculatus
946 1841 978 1905 in
1000 1840 1115 1916 medin,
1133 1841 1256 1905 secedit
1272 1841 1312 1906 ad
1330 1861 1398 1908 cor·

329 1947 365 1994 nu
387 1930 537 2016 Epistola
561 1931 601 1997 ad
625 1930 776 2013 legendas
800 1950 855 1994 sex
878 1927 1069 2013 Proplietias
1092 1936 1152 1994 etc.
1171 1936 1207 1993 ut
1223 1930 1254 1994 in
1278 1928 1399 1994 llissali

328 2012 382 2081 lac
404 2020 474 2102 ipsa
498 2018 570 2095 die,
600 2018 742 2084 candelis
766 2017 887 2082 ditaris
915 2015 1064 2079 extinctis
1088 2034 1189 2100 usquc
1214 2016 1253 2081 ad
1278 2016 1397 2101 princi·

328 2104 407 2186 pium
432 2106 558 2181 Missa,
587 2127 658 2191 quae
687 2105 869 2170 celebratur
892 2104 960 2166 sine
984 2100 1130 2166 introitu.
1155 2102 1203 2167 Ad
1227 2101 1397 2169 Orationes

328 2200 395 2273 post
418 2193 607 2279 Prophetias
632 2213 693 2258 non
718 2191 949 2278 pronunciatur
968 2187 1147 2253 Flectomus
1169 2210 1280 2273 peona,
1299 2198 1330 2254 et
1355 2189 1397 2255 ad

329 2274 474 2356 litanias,
499 2301 570 2366 quae
595 2281 809 2367 duplicantur,
826 2279 1030 2364 deponuntur
1054 2276 1219 2341 dumtaxat
1243 2276 1395 2343 Plauetae.

328 2365 373 2430 lu
397 2369 503 2432 Gloria
532 2370 702 2453 pulsantur
725 2366 852 2451 Organa
877 2373 910 2429 ot
932 2364 1100 2449 Campanae
1125 2371 1157 2427 et
1188 2362 1228 2428 ad
1252 2363 1394 2448 Evange·
1503 2373 1506 2384 ’

331 2451 402 2519 lium
426 2477 489 2521 non
514 2458 597 2522 cerei
616 2457 664 2544 (*)‚
680 2455 737 2521 sed
760 2455 835 2520 thus
859 2460 984 2518 tautum
1002 2451 1153 2517 defertur.
1171 2487 1214 2500 —
1230 2451 1265 2516 ln
1291 2451 1398 2517 llccle·

332 2539 389 2618 siis,
413 2544 465 2608 ubi
490 2544 574 2608 Fons
598 2544 689 2609 adest
714 2541 930 2628 Baptismalis‚
950 2540 1038 2604 illius
1061 2538 1240 2604 benedictio
1266 2539 1395 2605 omnino

330 2632 502 2727 peragenda
526 2640 576 2697 est
599 2653 662 2697 non
679 2630 774 2696 modo
798 2632 830 2694 in
854 2627 995 2693 Sabbato
1019 2635 1143 2700 sancto,
1159 2646 1271 2691 verum
1294 2627 1394 2693 etiarn

331 2731 360 2779 n
377 2717 433 2783 hae
449 2719 565 2803 Vigilia
589 2719 795 2784 Pentecostes
811 2715 891 2782 nihil
908 2714 1081 2780 admodum
1103 2714 1250 2779 obstante
1267 2721 1397 2779 contra·

332 2801 643 2882 ria-consuetudine,
675 2815 848 2890 utcumque
877 2802 1146 2878 immemorabili,
1171 2822 1241 2887 qua
1273 2801 1394 2867 abusus

336 2886 514 2961 declaratur.
531 2895 562 2959 S.
581 2894 615 2960 lt.
637 2894 668 2959 C.
694 2894 802 2958 llice.
826 2892 913 2957 luel
936 2893 968 2955 r'n
988 2889 1244 2955 urbevetanam
1267 2888 1328 2955 hac
1344 2890 1397 2955 Vi·

336 2977 396 3058 plia
418 2983 489 3048 cani
514 2984 624 3067 nequit
638 2982 732 3047 llissa
757 2981 869 3046 eodem
887 2981 952 3045 ritu
976 2980 1030 3064 qui
1054 2999 1112 3064 pro
1136 2978 1270 3063 privatis
1287 2977 1395 3043 llissis

336 3071 530 3156 proscriptus
546 3079 605 3137 est.
622 3070 653 3135 S.
671 3069 707 3134 R.
723 3068 754 3135 0.
769 3068 886 3165 Odup.
905 3068 991 3134 tuno
1007 3067 1038 3131 in
1054 3088 1117 3132 troo
1134 3065 1245 3132 Montis
1260 3065 1397 3151 dapalis.

380 3413 415 3489 (¹)
448 3411 491 3474 dd
527 3408 713 3488 Evangeliunr
745 3407 775 3469 iu
803 3407 857 3468 liae
888 3405 992 3483 Vigilio
1025 3403 1103 3466 cerei
1136 3401 1249 3466 accensi
1282 3399 1402 3492 minime
1464 3448 1467 3452 .

333 3485 501 3562 afferuntur,
532 3490 600 3569 quia
633 3488 758 3565 Spiritus
789 3491 930 3559 Sanctus,
962 3482 1011 3563 qui
1046 3483 1142 3544 lumen
1174 3490 1218 3542 est
1248 3478 1403 3553 cordium,

331 3564 445 3630 necdum
480 3570 601 3645 illapsus
623 3575 667 3628 est
690 3566 762 3627 caclo
793 3565 928 3624 emittens
961 3561 1034 3623 lucis
1068 3580 1128 3622 suae
1161 3558 1285 3621 rodium.
1308 3559 1402 3618 Credo

331 3648 469 3721 reticetur,
485 3648 552 3726 quia
580 3645 617 3708 ibi
639 3644 770 3725 ejusdem
792 3643 886 3703 Sauui
902 3641 1030 3721 Spiritus
1054 3640 1177 3701 habetur
1200 3636 1319 3710 mentio,
1334 3655 1404 3716 qua·

329 3722 406 3787 lenus
433 3731 492 3808 jam
526 3725 643 3786 adirent
670 3732 772 3784 cuncta
804 3721 976 3781 collustrans
998 3729 1026 3779 et
1049 3717 1219 3790 vivificans,
1251 3733 1284 3777 ae
1317 3715 1402 3793 longe

330 3793 437 3884 lateque
466 3825 518 3866 sua
550 3804 727 3883 dispertiens
758 3801 842 3862 dona.
865 3807 900 3861 At
932 3800 1009 3861 eninr
1038 3798 1066 3858 io
1095 3797 1200 3875 Vigilia
1234 3795 1287 3856 hae
1319 3793 1403 3855 illum
1494 3867 1497 3874 Ι

331 3891 513 3961 expectamus
535 3885 630 3945 adlruc
644 3883 705 3958 ,sub
730 3880 803 3959 iguis
824 3880 932 3958 specie,
947 3878 1016 3939 dum
1039 3894 1091 3950 per
1112 3874 1264 3954 Apostolos
1287 3872 1402 3936 Domini

329 3967 381 4021 nos
408 3967 612 4043 colloquatur,
643 3963 849 4040 coelestemque
873 3959 900 4021 in
923 3957 1007 4020 uobis
1037 3956 1184 4018 flammam
1216 3953 1332 4018 excitet.
1354 3953 1404 4014 lto

330 4033 422 4106 ferme
445 4047 594 4107 latomus.
716 4071 724 4081 ·
