3484 4875
592 660 799 776 RATIO
843 659 1083 777 OPERIS

744 969 817 989 --t*·'·
823 967 930 991 m*—

366 1452 468 1529 Qnans
493 1470 512 1513 a
535 1445 724 1514 Prccssdibns
755 1452 830 1516 oncis
854 1449 982 1538 janidia
1006 1464 1118 1515 manans
1148 1450 1371 1523 demandatam

295 1541 376 1606 nsiioi
397 1543 436 1605 sit
468 1538 650 1625 consociandi
671 1539 702 1601 in
726 1560 821 1604 onnos
853 1539 987 1624 sinpnios
1009 1537 1235 1608 Kalendarinna
1263 1546 1369 1632 Obser-

294 1630 395 1694 aantis
412 1628 585 1693 Provinciae
608 1626 817 1704 Bononiensis,
834 1627 1027 1716 experientia
1051 1641 1245 1717 conspectam
1266 1636 1371 1713 natan,

291 1720 444 1806 peritioni
462 1716 503 1781 ad
527 1715 559 1779 id
581 1716 787 1781 necessariam
811 1740 871 1782 non
895 1739 957 1781 asse
981 1727 1044 1780 tom
1064 1717 1191 1802 facilene
1207 1725 1370 1808 acquaisitn,

295 1809 344 1871 nti
359 1807 466 1894 primo
487 1807 590 1891 fronte
606 1804 759 1891 quispiam
776 1807 907 1892 fortasse
924 1805 1119 1871 cocistinsarit.
1136 1808 1196 1873 Ida
1213 1816 1294 1875 enirn
1310 1835 1371 1878 non

296 1896 389 1959 modo
414 1893 588 1958 hauriendo
612 1902 655 1956 cst
682 1914 701 1957 a
725 1895 868 1960 Rinbricis
893 1905 957 1961 tarn
980 1894 1173 1979 paneralibns
1207 1910 1272 1964 tam
1292 1922 1370 1988 por·

296 1984 479 2048 ticndoribns
502 1981 659 2047 Breviorii
689 1992 718 2047 et
741 1982 895 2060 Missaiis,
926 2004 1042 2047 necnon
1065 2004 1081 2047 e
1104 1983 1241 2053 Decretis
1271 2012 1371 2068 sacrae
1431 2051 1434 2054 ,

294 2073 428 2137 Ritnnm
453 2070 702 2156 Conprepationis
734 2093 804 2157 qna
836 2083 902 2137 octo
932 2072 1025 2160 plano
1054 2075 1143 2138 tonsis
1168 2077 1370 2155 continentur,

295 2182 410 2225 oeream
432 2160 523 2224 atiani
541 2169 661 2246 oportet
683 2169 718 2223 nt
742 2171 942 2249 comparet-nr
965 2183 981 2225 e
1004 2162 1124 2246 mapnis
1140 2162 1372 2252 Litnarpicornrn

295 2249 453 2337 operibns,
469 2271 541 2335 qnare
564 2248 650 2336 opud
669 2270 786 2336 pancos
801 2250 952 2337 reperias,
970 2271 1099 2335 qniaeqna
1116 2253 1238 2317 etiamsi
1251 2268 1368 2341 priosta

295 2339 364 2414 sint,
398 2339 452 2403 oisc
477 2338 574 2401 otiam
597 2337 752 2424 plerisque
775 2340 911 2426 suppetit
935 2338 988 2401 itta
1013 2338 1190 2414 eooiocndi;
1218 2345 1373 2428 ejosnaodi

299 2428 412 2516 qnippe
437 2426 527 2491 labor
550 2435 648 2490 totoni
676 2448 755 2514 peno
783 2427 919 2491 dicerint
943 2425 1097 2491 hom-inens
1130 2428 1260 2495 distinet.
1288 2432 1369 2508 Ona·

298 2527 426 2605 propter
450 2516 671 2580 successoribus
698 2516 774 2580 nocis
797 2516 926 2601 aliisque
948 2515 1136 2600 junioribus,
1161 2518 1270 2602 quibas
1293 2542 1370 2587 cnra

297 2606 514 2670 committatur
535 2602 726 2668 Katcndorio
759 2605 892 2670 cadendi
913 2605 944 2668 in
967 2603 1093 2689 sinptdis
1117 2605 1301 2673 Dioeacsibsts
1332 2633 1369 2677 oa

295 2693 456 2778 Reiipiosis
476 2691 649 2768 Ordinibus,
671 2714 738 2757 rens
761 2715 907 2782 percepit-o
930 2703 1053 2779 protom
1072 2715 1120 2758 rna
1142 2696 1301 2781 sactntrorn
1325 2710 1370 2765 at·

292 2804 353 2867 qne
379 2780 488 2845 utilem
504 2782 618 2856 censiti,
634 2783 661 2845 si
676 2783 766 2847 inodo
793 2783 907 2858 anania,
931 2805 1003 2867 qanto
1024 2784 1159 2870 sparsim
1180 2789 1211 2848 in
1226 2789 1369 2874 prcesatis

292 2870 381 2935 libris
398 2870 446 2935 cel
466 2870 638 2952 necessario
657 2871 702 2935 oct
718 2873 812 2935 atiani
836 2871 980 2959 apprimo
997 2883 1172 2959 opportnno
1191 2875 1368 2951 tradantur,

293 2960 329 3022 in
352 2979 448 3023 narrans
464 2959 638 3043 redipercin
661 2959 814 3034 coiranno,
831 2970 865 3025 nt
881 2981 991 3049 asenape
1015 2960 1142 3046 panisque
1164 2963 1196 3025 in
1219 2977 1369 3052 pronnptn

294 3048 430 3123 habeat,
453 3047 535 3112 ande
559 3048 718 3112 oonrnnsodc
749 3048 883 3113 enodare
907 3059 999 3135 qncat
1022 3069 1059 3112 ac
1082 3049 1197 3115 soiocrc
1221 3052 1314 3118 dnbio
1339 3064 1368 3120 et

294 3135 515 3222 difficultates,
539 3157 610 3221 qnare
633 3136 670 3202 ab
694 3137 817 3201 narinrnn
841 3147 870 3201 et
894 3135 1096 3225 nntnpttccn
1121 3137 1286 3206 Fastorum
1318 3165 1367 3208 oc·

294 3246 434 3301 cnrsnrn,
458 3246 653 3301 concnrsons,
679 3226 909 3291 translationem
934 3235 989 3290 etc.
1015 3226 1046 3289 in
1068 3224 1264 3294 Koicndoriis
1288 3251 1368 3295 cons·

290 3314 442 3402 ponendis
462 3313 582 3401 pas'sinr
604 3337 667 3379 seso
690 3315 862 3400 abjiciens·
895 3313 977 3400 qsaod
1000 3313 1063 3378 naa
1096 3315 1168 3380 benc
1200 3318 1368 3403 adjurante

289 3404 437 3490 praestiti.
463 3403 562 3467 Porro
587 3404 669 3488 qnod
693 3403 801 3468 eadem
825 3404 892 3468 tna
916 3403 1022 3468 ceteris
1045 3402 1263 3470 Ecclesiasticis
1293 3407 1367 3472 airis

292 3492 370 3556 scita
395 3491 485 3557 naida
508 3492 597 3555 utilio
620 3502 701 3567 sant,
724 3493 840 3557 idcirco
864 3493 901 3557 iis
925 3513 1045 3578 quoqne
1067 3513 1204 3579 praesens
1231 3495 1366 3584 Opascn·

296 3581 359 3644 lom
381 3601 473 3669 spero
497 3601 558 3644 non
581 3581 780 3646 mediocriter
803 3603 865 3647 csso
887 3582 1102 3669 prosntnrnna.

291 3669 340 3763 Χ
360 3670 432 3734 Jons
457 3690 529 3733 vcro
553 3669 640 3746 ordo,
657 3691 748 3757 qncns
771 3672 802 3734 >in
822 3669 974 3759 Opnsanio
998 3669 1075 3733 milii
1095 3671 1281 3738 servandam
1298 3695 1366 3740 con·

289 3761 379 3826 stitni
391 3810 398 3835 ,
423 3758 477 3823 iiia
501 3768 560 3833 est,
584 3770 618 3822 nt
639 3759 729 3847 prins
753 3770 867 3842 apator
890 3759 927 3822 de
955 3758 1062 3845 Cyclis.
1090 3758 1169 3825 caan
1192 3764 1273 3827 anina
1297 3775 1367 3828 ante

291 3851 397 3914 annania
423 3868 501 3934 opns
523 3848 571 3922 sit,
595 3859 629 3912 nt
652 3846 837 3913 Kolendarii
858 3846 1010 3912 Entcrssor
1034 3846 1176 3914 didicerit
1200 3850 1282 3915 diens
1305 3851 1365 3916 Pa·

289 3936 405 4004 schatis
427 3935 620 4024 proesipnore
644 3947 673 4000 et
696 3947 798 4002 cetera
821 3935 918 4003 Festo,
939 3935 1064 4000 mobilia
1088 3947 1117 4002 et
1141 3939 1274 4024 cnjnsois
1291 3941 1366 4004 anni

291 4026 493 4101 Donsinicas,
517 4046 533 4089 a
556 4025 665 4111 qnibns
689 4035 750 4090 toto
773 4027 839 4109 sera
862 4026 963 4090 oritnr
987 4025 1084 4089 annni
1104 4025 1290 4093 Kalendarii
1310 4049 1363 4093 aa·
1411 4067 1414 4074 -

290 4116 407 4191 rictas,
434 4113 521 4201 Cpcii
542 4135 612 4180 varo
636 4135 733 4200 ananan
755 4113 847 4181 Festa
879 4113 931 4180 illa
961 4113 1140 4180 invenienda
1168 4115 1364 4204 potissimam
