3484 4875
366 486 408 552 36
610 506 706 553 CAPUT
723 509 763 553 Vl.
782 509 819 553 uu
836 508 1162 555 costitustttutrlon'tuus

342 614 468 692 ratione
491 613 591 700 ipsius
615 613 728 690 Officii,
746 615 795 680 cui
812 622 888 680 sunt
904 615 1094 701 conjuncte,
1111 622 1228 703 utpote
1252 635 1317 703 quoe
1336 613 1390 679 illud

344 702 540 768 comitantur
563 703 822 788 inseparabiliter
846 704 878 768 in
909 722 1146 790 quamcumque
1169 704 1257 770 diem
1291 702 1392 769 trandc

343 798 456 865 ratur;
482 790 662 876 cujusmodi
687 799 736 857 est
760 793 1023 857 commemoratio
1048 791 1081 859 S.
1106 791 1231 878 loseph
1258 794 1290 858 in
1312 789 1392 857 otuu

344 878 611 964 Desponsationis
628 879 662 944 B.
677 880 716 945 Μ.
741 880 777 945 V.
795 879 872 967 (ubi
890 881 944 945 illa
962 890 1011 946 est
1028 881 1220 968 concessa),
1239 888 1270 947 et
1286 880 1315 947 S.
1331 879 1393 944 Pauli

346 968 378 1031 in
403 966 516 1031 Officio
541 967 573 1033 S.
598 968 710 1044 Petri,
741 988 779 1032 ac
809 970 973 1042 vicissim;
1003 967 1224 1034 anteferendae
1248 976 1319 1035 sunt
1338 986 1393 1033 seu·

343 1074 402 1141 per
425 1056 457 1120 in
483 1057 627 1140 utrisque
650 1056 801 1141 Vesperis
826 1065 858 1121 et
882 1056 1044 1122 Laudibus
1069 1053 1393 1142 quibusvis'dicicon

343 1145 641 1220 meinorationibus
667 1146 764 1208 etiam
788 1144 874 1209 Festi
900 1145 1036 1231 duplicis
1061 1153 1093 1209 et
1117 1145 1304 1211 Dominicaa.
1326 1143 1392 1210 llclr.

341 1232 445 1317 perid.
481 1256 511 1297 u.
538 1233 579 1297 78
603 1242 632 1297 et
658 1232 763 1297 Caool.
789 1243 829 1298 to.
854 1233 875 1297 t
899 1255 924 1299 c.
951 1234 992 1298 50
1016 1234 1046 1299 d.
1071 1233 1091 1299 u
1114 1256 1145 1298 n.
1171 1234 1203 1299 8.

484 1412 550 1477 De
570 1412 1065 1478 Commemorationttsus
1086 1412 1132 1477 ln
1154 1412 1291 1479 Missa

413 1577 464 1641 ld.
490 1577 525 1642 ln
549 1578 645 1643 Missa
674 1579 793 1644 caedem
819 1579 899 1645 fiunt
931 1579 1280 1653 commemorationes,
1312 1576 1394 1644 eodan

344 1684 501 1740 narniam,
526 1666 703 1751 eodemque
727 1667 839 1732 ordine
864 1688 901 1733 ac
924 1669 956 1731 in
980 1667 1154 1733 Laudibus.
1181 1668 1342 1753 Excipitur
1360 1663 1394 1729 le

345 1762 432 1818 stum
456 1753 572 1839 duplex
588 1755 609 1819 8
626 1756 751 1830 classis,
768 1756 801 1820 in
818 1756 910 1842 cujus
926 1756 1021 1821 Missa
1039 1776 1112 1820 cum
1130 1764 1229 1822 cautu
1254 1752 1394 1842 (quamvis

343 1842 412 1907 sine
436 1841 575 1908 Diacono
600 1851 631 1907 ct
655 1842 885 1929 Subdiacono)
910 1853 942 1907 et
967 1844 1020 1908 ubi
1044 1843 1112 1908 hec
1136 1843 1244 1920 desit,
1269 1845 1301 1909 in
1323 1841 1394 1907 Missa

344 1929 553 1996 Conventuali
571 1932 655 1996 lecta
679 1930 690 2018 (
708 1933 752 1995 uti
770 1932 854 2016 apud
872 1932 1048 2016 llcgulares
1060 1931 1083 2017 ),
1099 1932 1189 1997 nulla
1214 1932 1320 2015 agitur
1334 1948 1395 1995 con·

343 2022 535 2083 memoratio
560 2018 646 2083 Musti
671 2020 825 2105 simplicis
860 2040 920 2106 per
943 2040 988 2098 se,
1013 2022 1073 2084 etsi
1098 2019 1205 2085 locum
1242 2020 1352 2086 haheat
1376 2015 1395 2079 iu

343 2105 517 2182 Laudibus3
542 2107 599 2172 sed
622 2108 657 2172 fit
681 2114 807 2173 teritum
824 2109 855 2172 in
875 2108 978 2173 Missis
1003 2107 1140 2173 strictim
1159 2108 1306 2193 priuatis
1328 2108 1356 2172 S.
1374 2101 1396 2167 ll.

347 2195 379 2259 C.
404 2195 446 2259 27
471 2195 566 2261 Mart.
594 2195 678 2260 7778
703 2198 735 2258 iu
757 2218 820 2259 usco
841 2196 915 2261 ura.
938 2197 1014 2261 Min.
1040 2196 1143 2282 Refer.
1163 2196 1205 2259 ud
1232 2197 1320 2274 tud
1340 2194 1396 2280 dpr.

343 2283 430 2348 lucu
454 2285 486 2347 ic
513 2283 760 2371 Conapostcllouo
784 2285 826 2347 od
849 2285 871 2349 ll
894 2284 932 2348 cd
949 2285 990 2349 ld
1014 2284 1107 2348 dlort.
1134 2284 1220 2349 7858
1247 2285 1280 2349 in
1298 2282 1399 2350 Tridu-

344 2372 408 2434 tiun
433 2372 475 2435 od
498 2372 529 2437 8.
553 2371 635 2436 Item
659 2372 817 2458 excipitur
840 2371 1006 2437 Dominica
1041 2372 1229 2437 Palmarum
1255 2380 1287 2440 et
1309 2368 1398 2455 Vigila

343 2459 562 2536 Pentecostes‚
586 2461 618 2524 in
643 2461 759 2547 quibus
784 2463 1047 2526 commemoratio
1071 2462 1236 2528 omittitur
1265 2465 1297 2528 in
1320 2457 1398 2525 Missis

343 2568 469 2634 ‹puoque
492 2549 636 2635 privatio,
662 2549 701 2614 de
724 2549 819 2614 Mesto
845 2550 984 2634 simplici
1019 2550 1084 2614 sive
1108 2569 1166 2634 per
1201 2571 1255 2626 se,
1280 2552 1342 2617 sive
1360 2563 1399 2632 per

343 2638 505 2713 accidens,
531 2638 607 2702 licet
629 2635 714 2701 sacta
739 2638 835 2703 sitin
864 2635 986 2702 Olticio.
1011 2638 1107 2703 Mubr.
1133 2637 1215 2702 oct
1238 2662 1270 2704 o.
1298 2640 1313 2704 l
1338 2645 1363 2702 et
1379 2632 1398 2697 l.

344 2725 379 2788 R.
408 2725 440 2788 Ο.
467 2725 508 2789 lu
532 2724 627 2788 Mart
654 2726 739 2790 t775
765 2727 796 2789 in
819 2747 882 2789 uno
910 2725 999 2790 dictis
1034 2724 1076 2789 ud
1099 2725 1128 2790 o.
1154 2723 1277 2792 Contra
1301 2729 1326 2793 si
1357 2739 1398 2808 qut

343 2811 459 2893 Vigilia
476 2811 596 2876 incidat
613 2813 645 2875 in
662 2812 787 2878 Feriam
804 2813 968 2878 Adventus
985 2812 1052 2900 (ubi
1064 2813 1119 2877 liat
1133 2813 1171 2876 de
1184 2814 1295 2900 aliquo
1307 2808 1399 2893 resto),

344 2896 605 2982 Quadragesimae
630 2909 685 2965 aut
709 2900 853 2980 Quatuor
877 2901 1094 2987 Temporum‚
1110 2901 1198 2967 illius
1215 2905 1327 2985 agitur
1340 2916 1400 2966 coru
1431 2978 1433 2991 Ι

343 2988 533 3054 memoratio
558 2987 589 3051 in
613 2987 709 3054 Missa
734 2989 836 3076 (ante
873 2990 1215 3055 commemorationem
1239 2991 1327 3057 Festi
1348 2989 1399 3073 sim

343 3075 436 3160 plicis
460 3095 519 3160 per
543 3096 598 3150 se,
629 3077 655 3140 si
684 3077 862 3163 occurrat)
898 3078 1026 3143 tametsi
1062 3078 1295 3162 praetermissa
1329 3072 1401 3143 luerit

342 3167 376 3227 in
400 3161 533 3239 Officio;
559 3164 732 3230 dummodo
757 3164 904 3232 Officium
929 3167 989 3232 hoo
1014 3186 1076 3230 non
1104 3165 1146 3229 sit
1170 3165 1290 3251 duplex
1314 3166 1401 3253 princ

342 3253 467 3330 classis,
492 3261 560 3318 tum
584 3255 701 3339 quippe
725 3274 784 3319 nec
808 3255 839 3317 iu
865 3254 962 3319 Missa
986 3255 1288 3320 commemorationi
1313 3256 1350 3320 dc
1368 3249 1402 3315 M·

342 3342 418 3425 pilia
442 3344 532 3408 locus
557 3350 652 3407 essct.
679 3341 775 3406 Rubr.
801 3341 892 3406 Brea.
918 3343 963 3407 tu.
989 3342 1008 3408 8
1031 3365 1061 3406 u.
1086 3341 1107 3406 M
1131 3350 1160 3404 et
1182 3342 1303 3409 Missol.
1334 3335 1404 3408 siti

344 3452 372 3493 n.
397 3430 417 3495 2
442 3441 471 3496 et
496 3432 525 3496 5.
551 3429 691 3495 Rursum
715 3431 747 3494 in
770 3430 866 3495 Missa
881 3429 989 3517 lpost
1005 3432 1345 3497 commemorationem
1365 3426 1406 3492 le·

343 3519 386 3582 sti
409 3519 566 3605 simplicis
590 3517 818 3604 occurrentis)
843 3518 1106 3584 commemoratio
1130 3516 1164 3581 iit
1189 3517 1228 3582 de
1245 3520 1337 3584 Faria
1361 3524 1407 3581 tcr·

346 3607 387 3669 tia
406 3614 438 3670 et
454 3615 569 3690 quarta
586 3607 813 3690 Rogationum,
830 3606 891 3670 etsi
909 3606 949 3670 ab
968 3605 1079 3671 Ollicio
1108 3605 1310 3676 excludatur.
1335 3605 1409 3696 dum

343 3692 439 3758 rtaodo
465 3695 588 3779 pariter
611 3693 770 3780 ejusmodi
795 3691 940 3760 Officium
965 3714 1029 3758 non
1053 3694 1095 3758 sit
1119 3692 1157 3757 de
1182 3695 1278 3760 Festo
1303 3691 1412 3778 duplic}

344 3781 458 3865 primm
482 3782 606 3858 classis,
631 3783 705 3867 quia
730 3789 806 3847 tunc
842 3782 1046 3847 omitteretur
1081 3782 1178 3846 etiam
1202 3782 1234 3846 in
1259 3784 1362 3848 Missa.
1382 3774 1412 3840 S·

344 3868 380 3935 R.
409 3867 441 3932 0.
467 3869 508 3934 ld
533 3869 609 3955 Apr.
649 3869 734 3934 7855
758 3870 790 3933 iu
824 3890 888 3934 stuc
916 3869 989 3934 cru.
1025 3867 1102 3934 lisso.
1130 3869 1254 3935 Obscro.
1291 3869 1331 3934 ud
1365 3863 1415 3931 tx.

345 3954 457 4034 Quoad
482 3958 804 4022 commemorationes
840 3956 981 4040 agendas
1006 3957 1037 4021 in
1063 3956 1187 4022 duabus
1212 3958 1316 4023 Missis
1341 3954 1418 4020 Gon·

344 4044 557 4119 rcntueliltus
582 4046 609 4110 si
634 4044 761 4133 quando
786 4043 987 4118 celebrandae
1012 4044 1098 4122 sint,
1123 4064 1160 4110 ac
1185 4047 1216 4111 in
1242 4045 1343 4112 Missis
1365 4054 1421 4105 vo·
