3484 4875
434 458 501 525 472
752 472 1153 521 rnnrxnnnnnnornnmmr

454 581 532 648 ibid.
557 602 587 645 ιι.
614 580 653 646 17
679 586 711 646 ιι
734 589 843 646 annot.
860 580 894 645 in
912 578 1199 663 Quadragesimam
1217 600 1248 646 n.
1268 580 1321 646 lb.
1338 578 1471 659 Quanam

455 670 552 736 Missa
584 669 688 734 votiva
712 669 752 733 de
774 668 809 733 B.
834 667 875 734 bl.
898 668 935 733 V.
960 667 1096 733 dicenda
1120 675 1193 744 est,
1222 689 1250 733 a.
1276 669 1297 734 8
1322 690 1353 735 n.
1378 671 1425 735 17.
1446 669 1472 735 Si

457 757 651 823 celebranda
675 757 718 822 sit
739 756 837 822 Missa
867 756 973 821 votiva
996 756 1036 821 de
1067 754 1186 821 Sancto
1212 757 1322 842 aliquo
1353 756 1430 823 inira
1449 776 1472 821 e·

452 845 538 931 iusd.
564 843 728 920 Octavam,
745 845 796 909 iel
820 844 871 909 die
894 864 957 928 qua
981 842 1020 908 de
1044 844 1157 909 eodem
1179 844 1216 909 lit
1240 843 1398 921 Officium,
1417 866 1474 930 qua

453 934 550 1021 blissa
575 932 711 998 dicenda
734 940 766 997 et
789 932 950 1018 quomodo
974 931 1164 1006 ordinanda,
1189 932 1268 998 ibid.
1293 954 1325 998 n.
1352 933 1402 999 lt.
1419 933 1472 1013 Quo

457 1023 566 1087 colore
589 1021 622 1085 in
644 1020 751 1085 Missis
774 1021 889 1085 votivis
914 1019 1088 1095 utendum,
1118 1019 1196 1086 ibid.
1220 1042 1259 1086 n.·
1279 1022 1332 1087 19.
1359 1019 1473 1099 Quando

453 1110 486 1173 in
518 1110 597 1194 ipsis
627 1108 783 1173 recitatur
809 1108 916 1173 Gloria
946 1116 978 1172 et
1004 1108 1125 1185 Credo,
1155 1106 1232 1173 ibid.
1258 1130 1291 1174 ιι.
1315 1109 1359 1175 to
1382 1119 1414 1174 et
1433 1109 1473 1174 li.

456 1196 541 1275 Quot
564 1204 596 1260 et
620 1216 691 1280 quae
714 1194 883 1262 Orationes
907 1195 1072 1272 dicendae,
1104 1195 1180 1261 ibid.
1205 1217 1236 1262 ιι.
1262 1197 1317 1262 tl.
1342 1196 1473 1263 Praelatio

454 1294 486 1349 et
505 1284 785 1359 communicantes,
810 1283 887 1348 ibid.
913 1303 944 1348 n.
968 1284 1022 1349 25.
1039 1284 1085 1348 lte
1107 1284 1202 1348 lllisso
1226 1294 1272 1349 est
1296 1286 1422 1370 quando
1441 1286 1475 1350 lo·

454 1392 527 1437 eum
556 1372 674 1446 babet,
706 1371 783 1436 ibid.
809 1392 840 1437 ιι.
865 1371 919 1436 dl.
945 1369 1114 1450 Quodnam
1137 1371 1351 1457 Evangelium
1374 1375 1405 1439 in
1425 1373 1472 1439 lim

453 1459 635 1525 votivorum
657 1467 708 1525 est
731 1458 914 1543 legendum,
938 1459 1015 1525 ibid.
1041 1467 1073 1524 et
1096 1477 1128 1525 n.
1153 1459 1184 1525 6.

928 1634 973 1707 Ν

407 1809 565 1875 Nativitas
589 1808 726 1875 Domini.
751 1808 858 1889 Quare
881 1811 982 1896 priori
998 1810 1028 1897 id.
1045 1809 1184 1876 addatur
1210 1810 1320 1876 Gloria
1341 1812 1435 1886 Patri,
1449 1818 1474 1874 et

451 1905 565 1983 postea
588 1896 668 1962 illud
691 1898 854 1983 integrum
877 1906 1052 1984 repetatur,
1077 1918 1149 1983 pag.
1174 1899 1240 1964 loo
1266 1900 1299 1964 in
1324 1909 1410 1966 nota.
1431 1898 1472 1963 lli·

455 1993 507 2050 eto
531 1984 756 2051 Rerrodicauaus
780 1987 911 2050 llomr'uo
936 1995 1010 2072 post
1034 1984 1219 2051 Orationem
1243 1987 1404 2063 Matutini,
1423 2006 1474 2053 non

454 2072 660 2157 subjungitur
675 2075 704 2156 i.
721 2073 880 2139 Fidelium
903 2076 1019 2138 arrianae
1042 2081 1115 2150 etc..
1132 2073 1241 2140 adnot.
1260 2076 1304 2140 25
1323 2076 1399 2141 Dec.
1415 2096 1442 2140 ιι.
1456 2073 1475 2138 l.

370 2234 382 2243 ,
451 2159 534 2239 Quid
558 2161 752 2227 servandum
776 2161 881 2247 quoad
906 2171 972 2227 tres
996 2162 1131 2237 Missas,
1163 2162 1241 2228 ibid.
1268 2184 1300 2230 n.
1327 2164 1356 2228 11
1380 2171 1412 2228 et
1432 2161 1474 2227 lll.

451 2250 502 2315 bn
527 2249 683 2314 celebrari
708 2257 827 2334 queant
851 2249 986 2315 diversis
1009 2258 1079 2314 tum
1101 2250 1202 2325 borio,
1225 2258 1297 2317 tum
1323 2251 1475 2325 llcelesiis,

450 2336 529 2402 ibid.
547 2358 578 2402 ιι.
597 2335 651 2402 lll.
669 2335 751 2415 Quid
776 2338 968 2421 significent,
986 2358 1058 2422 pag.
1082 2337 1147 2402 452
1171 2339 1204 2402 in
1228 2347 1320 2405 nota.
1338 2340 1376 2404 ln
1398 2346 1477 2404 nocte

449 2424 633 2491 Natiuitatis
648 2446 712 2490 non
729 2424 805 2491 licet
828 2424 885 2492 SS.
903 2426 1167 2492 Communionem
1183 2425 1396 2505 distribuere,
1412 2424 1475 2492 ibid.

449 2533 481 2578 ιι.
505 2513 544 2577 ll.
569 2511 629 2590 Qui
653 2512 702 2578 die
726 2513 908 2580 Natiuitatis
932 2535 970 2579 ιιι
993 2514 1159 2599 privilegio
1184 2514 1333 2581 celebrat
1357 2518 1391 2582 in
1414 2514 1476 2580 ora-

452 2602 534 2666 torio
550 2602 677 2686 privato
693 2609 800 2686 potest
822 2602 866 2667 ibi
891 2611 957 2667 tros
974 2601 1086 2667 Missas
1111 2610 1282 2668 currentes
1306 2605 1476 2674 celebrare

450 2709 514 2753 non
539 2697 647 2754 antem
672 2689 850 2755 Gaecutiens
874 2698 940 2754 tres
963 2689 1077 2754 Missas
1101 2691 1249 2766 votivaS,
1278 2691 1361 2757 ibid.
1379 2714 1416 2757 n.
1437 2686 1478 2754 N.

451 2776 527 2860 aluid
544 2776 650 2861 quoad
667 2796 758 2842 esum
775 2778 881 2842 carnis
899 2779 926 2841 si
942 2776 1055 2853 Natale
1072 2785 1221 2842 occurrat
1237 2779 1272 2842 in
1291 2779 1389 2846 deria
1405 2785 1479 2844 serta

449 2864 500 2927 vel
524 2863 676 2941 Sabbata,
699 2863 776 2930 ibid.
800 2886 831 2931 n.
856 2864 923 2931 Vll.
947 2864 1094 2930 Notenda
1117 2865 1200 2930 inira
1224 2864 1399 2944 Octavam,
1415 2864 1477 2932 ibid.

447 2969 482 3014 n.
504 2949 585 3026 Vlll,
609 2951 653 3016 lX
676 2960 709 3016 et
731 2951 770 3018 X.
796 2951 865 3032 Qua
888 2952 928 3017 de
953 2972 1049 3018 causa
1078 2960 1151 3037 post
1175 2953 1329 3020 Natalem
1356 2953 1479 3026 bonni,

449 3037 600 3120 legantur
621 3039 773 3123 Epistola
797 3039 830 3107 S.
847 3040 939 3109 Pauli
963 3041 1119 3126 Apostoli,
1137 3060 1209 3126 pag.
1229 3042 1292 3106 llll
1314 3045 1351 3108 in
1367 3045 1390 3108 ι
1405 3049 1478 3107 nota.

404 3123 562 3191 Nativitas
584 3127 619 3210 B.
643 3127 683 3191 Μ.
707 3126 744 3192 V.
769 3127 823 3194 ubi
847 3128 1030 3193 celebratur
1054 3127 1114 3192 sub
1137 3128 1203 3193 ritu
1227 3129 1357 3215 duplici
1382 3131 1479 3216 prime

449 3215 586 3366 oldassis,
621 3215 654 3367 ip
678 3215 794 3300 quibus
828 3216 936 3281 verbis
971 3215 1088 3280 desinit
1111 3215 1181 3300 ejus
1216 3225 1338 3285 octava
1362 3219 1479 3290 tecua,

451 3303 606 3368 anot.8
656 3311 720 3387 ept.

404 3389 561 3455 Nativitas
585 3389 642 3475 (S.)
667 3391 799 3456 loannis
823 3391 986 3477 Baptistae,
1002 3390 1074 3456 vide
1097 3389 1231 3455 Joaaues
1248 3392 1397 3480 Baptista
1419 3391 1478 3480 (8.).

403 3475 537 3553 Nereus,
554 3478 719 3544 Acbilleus
743 3487 804 3543 eto.
823 3478 898 3565 (Ss.)
916 3480 989 3544 Mm.
1008 3479 1035 3543 si
1059 3476 1301 3547 transferantur
1322 3490 1398 3566 post
1413 3481 1479 3546 Pen-

449 3566 790 3717 tplcostemzquomodo
815 3586 928 3633 eorum
945 3566 1091 3631 Officium
1114 3574 1147 3630 et
1162 3565 1262 3633 blissa
1284 3569 1478 3639 ordinantur,

448 3663 557 3718 anot.
584 3656 615 3719 l'
648 3655 733 3720 Ma'i.

403 3738 527 3890 Nomep
551 3742 679 3826 quando
697 3677 949 3827 lexprimendum
965 3742 998 3806 in
1016 3739 1224 3807 Orationibus
1241 3742 1478 3817 Delunetorum

452 3846 482 3890 c.
550 3848 583 3892 n.
609 3829 660 3894 10.

402 3906 532 3979 'Nomen
548 3912 630 4000 (SS.)
646 3917 722 3983 lesu
740 3914 867 4003 quando
886 3916 1125 3992 celebrandum,
1142 3915 1254 3983 adnot.
1270 3918 1315 3986 11
1332 3920 1403 3987 lan.
1418 3939 1447 3985 n.
1458 3916 1477 3982 l.

451 3999 534 4081 Quid
559 4002 587 4067 si
609 4003 803 4090 impediatur
826 4025 845 4072 a
867 4004 1034 4072 [lominica
1051 4003 1310 4093 Septuagesimae
1328 4017 1384 4078 aut
1399 4005 1479 4083 alle
