3484 4875
364 474 430 543 118
638 491 812 538 ιιιοτιιιιι
828 492 858 538 m
874 490 1129 545 ounnnncnsrmmr

342 603 449 667 nicam
475 597 648 663 Passionis.
673 597 769 663 nour.
794 597 839 662 tit.
864 596 907 662 11
930 596 1006 661 ab
1038 606 1069 662 et
1091 594 1122 660 S.
1149 594 1184 660 R.
1210 590 1239 658 0.
1260 591 1292 657 18
1403 618 1412 634 ³

344 690 430 755 1778
453 687 485 750 in
508 707 572 751 uno
598 685 671 750 Orci.
690 684 764 751 Mic.
786 685 908 750 Obsero.
933 683 975 749 cd
999 683 1051 748 18.
1070 682 1238 749 Celebrsns
1258 680 1285 745 in
1413 695 1415 702 ’

343 776 447 843 leriali
470 795 488 839 a
513 774 616 859 prima
639 774 690 838 die
706 771 967 856 Quadragesimae
990 792 1094 856 usque
1116 770 1159 835 ad
1181 769 1293 835 Feriam
1309 793 1370 854 og
1412 807 1417 818 =

343 874 412 929 tarn
439 862 570 948 majoris
595 861 820 937 Hebdomada,
844 862 927 926 lecta
960 861 1082 945 triplici
1106 867 1164 924 aut
1185 856 1292 943 duplici
1307 855 1375 919 lat·
1404 846 1417 909 i

346 952 570 1019 communione
594 970 667 1015 curn
691 951 757 1015 suis
782 948 1053 1024 conclusionibus,
1086 954 1254 1031 antequam
1273 961 1366 1030 pron
1399 957 1417 1028 j}

347 1042 409 1107 ciet
432 1038 770 1110 Doncincscobisccm,
794 1045 884 1102 stans
908 1038 940 1101 in
965 1035 1078 1101 eodem
1093 1047 1096 1052 '
1110 1036 1182 1101 loco
1206 1040 1274 1099 anm
1293 1032 1346 1096 lib

347 1127 471 1216 profert
491 1126 631 1201 Oceanus,
654 1125 828 1191 Hunn‘lc'ote
852 1125 957 1213 cupito
980 1135 1081 1189 vostro
1105 1122 1170 1188 Deo
1194 1141 1231 1187 ac
1251 1119 1329 1186 subdi
1353 1125 1357 1171 i
1399 1137 1414 1175 «ῑ

346 1218 507 1284 rationem
524 1234 621 1300 super
639 1214 792 1301 populum
809 1214 852 1278 ibi
869 1213 1076 1299 descriptam.
1094 1210 1131 1277 ln
1147 1211 1250 1275 Missis
1272 1207 1305 1274 dc
1401 1236 1413 1260 ιε

348 1325 428 1391 pore
450 1323 510 1389 pro
534 1302 580 1367 lte
603 1302 697 1367 Misso
720 1312 774 1377 est,
798 1301 1005 1367 substituitur
1029 1299 1254 1365 Benediccmus
1274 1296 1314 1361 lio
1329 1294 1348 1343 .'.

348 1400 565 1478 praeterquam
596 1391 629 1454 in
653 1390 747 1454 llissa
771 1390 873 1455 Fer-ie
905 1390 1024 1475 quintae
1056 1390 1088 1453 in
1121 1386 1219 1453 Ceena
1241 1384 1366 1450 Domini

350 1480 484 1546 Sabbati
509 1478 625 1553 sanctu
643 1477 784 1563 itemque
802 1477 1005 1543 adhibebitur
1027 1477 1119 1542 color
1140 1477 1307 1548 violaceus,
1324 1490 1370 1537 ero
1401 1470 1417 1528 .'.

349 1571 415 1655 ptis
437 1568 559 1653 pariter
577 1565 668 1631 lieria
692 1568 802 1650 quinta
827 1574 859 1631 et
883 1565 1024 1631 Sabbata
1047 1564 1182 1650 majoris
1198 1562 1369 1629 Hebdom
1410 1579 1417 1620 ι

350 1657 466 1743 quibus
489 1657 522 1720 in
544 1655 641 1719 Missa
673 1656 822 1739 congruit
844 1654 935 1719 oolor
951 1653 1070 1719 albus
1096 1652 1239 1718 Rursum
1269 1652 1299 1715 in
1318 1648 1360 1713 lli

313 1800 316 1807 .
350 1744 487 1811 solemni
518 1742 557 1807 de
580 1742 738 1827 Tempore
766 1742 820 1829 (si
843 1742 971 1828 quidem
996 1741 1140 1827 exceptio
1173 1741 1230 1805 fiat
1251 1735 1365 1803 Domin

348 1832 484 1908 Laetare,
506 1830 607 1895 lieriae
630 1832 749 1915 quinta
772 1832 805 1896 in
822 1830 918 1896 Conna
939 1829 1066 1895 Domini
1090 1849 1127 1895 ac
1153 1827 1286 1894 Sabbati
1306 1844 1370 1890 san
1411 1823 1417 1885 l

348 1920 487 1986 illinistri
509 1918 542 1982 in
566 1918 717 1984 Ecclesiis
740 1919 934 2006 precipuis,
959 1938 1073 2007 nempe
1098 1918 1130 1982 in
1155 1915 1331 1983 Cathedrali
1360 1949 1373 1958 .
1408 1940 1415 1952 ·

350 2007 546 2091 Collegiatis‚
570 2007 707 2092 aliisque
731 2007 909 2092 insignibus
933 2007 999 2072 sive
1023 2006 1234 2089 llegularium
1259 2003 1317 2068 illa
1334 2001 1369 2065 si

349 2098 417 2162 sive
439 2094 655 2172 Parochiales,
674 2104 807 2160 utuntur
829 2096 971 2162 Planetis
995 2094 1124 2180 plicatis
1148 2101 1225 2157 ante
1248 2099 1354 2178 pectus,

349 2186 407 2250 libi
430 2204 505 2250 vero
530 2183 628 2249 Albas
652 2182 788 2247 induunt
812 2204 884 2249 curn
916 2182 1111 2268 Manipulis‚
1143 2189 1177 2246 et
1201 2200 1261 2267 pro
1285 2179 1362 2243 mco

350 2294 423 2339 cum
447 2271 537 2338 Stola
564 2279 756 2336 transversa.
781 2271 878 2337 liubr.
904 2271 948 2335 tit.
975 2271 1016 2336 lit
1040 2293 1070 2336 n.
1097 2269 1117 2335 6
1142 2278 1172 2334 et
1197 2270 1228 2345 7,
1250 2267 1282 2333 S.
1298 2261 1370 2331 188·

349 2361 444 2428 Mart.
471 2359 573 2435 1651,
600 2359 736 2447 Gupctus
760 2359 811 2424 lib.
837 2360 855 2423 5
885 2380 911 2423 c.
935 2358 978 2423 18
1003 2381 1031 2447 q.
1058 2358 1099 2422 11
1131 2367 1160 2421 et
1184 2356 1321 2421 Menates
1337 2373 1361 2442 p.

352 2451 397 2516 lit.
422 2449 438 2514 1
465 2472 495 2515 c.
519 2448 551 2513 ln.
575 2446 644 2513 Non
668 2449 839 2532 pulsantur
863 2447 1003 2531 Organa,
1028 2467 1086 2513 nec
1109 2445 1246 2511 floribus
1271 2460 1377 2509 ornan

350 2538 485 2636 bitania.
506 2536 637 2602 eurem.
660 2536 718 2622 Ep.
737 2537 788 2600 tib.
814 2536 829 2601 l
850 2558 877 2639 c.
900 2536 942 2601 18
967 2547 996 2600 ct
1018 2536 1049 2600 S.
1075 2535 1111 2600 R
1132 2533 1164 2600 G.
1190 2532 1234 2635 11
1259 2531 1319 2597 lul.
1334 2531 1376 2594 p.

349 2713 492 2779 Planetae
524 2712 662 2798 plicatae,
690 2731 849 2798 quamque
879 2712 1009 2797 deponit
1037 2709 1076 2775 ad
1105 2708 1257 2774 Rubricae
1284 2728 1380 2794 prul.

349 2808 452 2885 ptum,
470 2797 623 2884 praicrre
647 2808 714 2864 tres
737 2799 855 2865 Cruces
879 2801 990 2886 nequit
1013 2806 1048 2864 ut
1071 2797 1161 2867 Stola
1187 2794 1377 2862 communis.

350 2887 387 2951 R.
409 2886 441 2952 θ.
458 2887 501 2951 15
524 2885 608 2974 Sept.
627 2887 713 2953 1851
737 2888 769 2952 ic
792 2910 855 2953 cccc
878 2887 1078 2953 Venellorum
1101 2886 1143 2949 aot
1167 2886 1199 2951 7.
1218 2883 1328 2964 Quoad

351 2994 420 3040 sam
445 2994 546 3039 sacrae
570 2972 799 3052 declinationis,
822 2975 894 3041 vide
918 2995 988 3060 quae
1011 2974 1120 3039 blense
1144 2971 1393 3062 Septembris

350 3061 535 3129 notabimns
559 3061 598 3126 de
623 3072 766 3150 ternpore
790 3064 850 3128 sub
877 3064 969 3128 finem
994 3083 1025 3128 n.
1050 3063 1082 3128 1.
1191 3076 1193 3080 ·

361 3219 364 3224 ,
420 3151 450 3252 5:
475 3148 512 3216 ln
535 3149 627 3252 deria
651 3160 766 3237 quarta
789 3151 939 3217 Cinerum
962 3159 1038 3237 post
1059 3149 1184 3215 Nonam
1209 3145 1364 3239 (ιιιιιιΡ
1387 3195 1388 3198 ,

350 3326 585 3394 benedicuntur
607 3326 737 3394 Cineres
754 3329 883 3393 collecti
906 3348 923 3394 e
947 3327 1123 3402 combustis
1147 3327 1249 3391 ramis
1273 3326 1341 3392 oliv
1368 3346 1383 3374 a

351 3417 527 3482 aliarumve
550 3415 715 3491 arborum,
739 3416 934 3501 praecedenti
959 3437 1042 3480 anno
1065 3416 1098 3480 in
1121 3413 1289 3480 Dominiea
1306 3411 1398 3477 earne

352 3524 423 3569 curn
454 3504 655 3577 benedictis,
687 3512 720 3569 et
750 3524 849 3589 super
880 3504 985 3590 capita
1018 3502 1182 3568 Fidelium
1208 3503 1398 3591 imponuntur:

351 3591 448 3656 Robr.
472 3593 505 3655 in
526 3592 600 3657 Fer.
624 3591 641 3656 1
648 3591 674 3654 V
697 3591 855 3658 Cicerone.
882 3592 919 3657 lli
944 3591 1072 3657 Cineres
1104 3589 1226 3656 debent
1247 3609 1317 3656 esse
1343 3578 1417 3654 add.

352 3677 393 3743 ad
422 3678 551 3744 modurn
576 3679 728 3765 pulveris,
752 3700 814 3744 non
841 3679 961 3745 madidi
985 3681 1088 3744 instar
1114 3679 1184 3745 luti.
1209 3679 1242 3744 S.
1266 3677 1304 3743 n.
1329 3675 1356 3741 0.
1373 3665 1401 3734 ii

349 3764 427 3851 Μαι.
447 3765 531 3832 loun
554 3769 587 3830 in
608 3767 780 3853 Egitanicc.
805 3768 847 3833 cd
871 3767 902 3834 6.
920 3768 1095 3833 Celebrans
1120 3767 1150 3830 in
1176 3755 1407 3851 recipieoloii.

346 3873 445 3933 peres
469 3872 488 3918 a
511 3851 656 3938 digniore
679 3853 719 3920 de
743 3855 835 3921 Clero
860 3857 992 3922 minime
1016 3875 1033 3920 c
1057 3852 1273 3941 Suppedaneo
1297 3806 1417 3919 nomed

351 3941 419 4016 dit;
445 3942 538 4026 eiquo
559 3942 715 4008 incumbit
746 3944 995 4029 subsequentem
1019 3943 1150 4009 llissnrn
1184 3939 1365 4008 celebrandi
1380 3894 1417 3999 ⁰²¹

349 4030 494 4129 litigatio,
514 4028 626 4130 Confer·
647 4052 720 4126 ιιι.»
741 4035 944 4133 ιιιροιιιιιηιιι
966 4032 1021 4105 sub
1044 4031 1094 4097 die
1117 4030 1250 4108 2Febr.
1274 4054 1305 4113 ιι.
1321 4029 1345 4113 1,
1365 4022 1417 4100 sp!
