3484 4875
434 512 499 581 554
685 529 907 578 annorrrronns
923 530 953 576 1n
969 529 1060 577 rnsrn
1075 528 1200 575 nuausm

412 639 464 706 15.
488 674 532 687 --
553 638 578 705 l.
602 636 636 703 Si
651 636 754 725 ¹hodie
786 638 961 705 Sabbatum
987 645 1157 713 occurrat,
1190 654 1273 701 nona
1298 632 1410 699 Lectio
1433 640 1477 698 ert

456 727 496 793 de
526 727 658 793 bomilia
681 727 805 812 Vigiliae
836 728 870 793 B.
899 728 939 793 Μ.
963 727 999 793 V.
1026 726 1230 812 anticipata,
1261 722 1354 808 cujus
1377 723 1477 787 'etiam

457 817 719 883 commemoratio
743 816 779 881 fit
801 819 832 881 in
849 816 1010 882 Laudibus
1034 824 1066 881 et
1089 816 1184 879 llissa
1207 832 1281 879 curn
1298 812 1369 898 ejus
1387 810 1479 875 Fran·

456 906 539 990 gelio
562 906 593 969 in
618 905 721 969 llissae
744 904 820 978 fine;
841 906 918 970 item
941 906 1024 969 binae
1048 904 1197 969 dicuntur
1220 902 1327 965 Missae
1345 899 1479 965 Conven-

455 994 570 1068 tuales
589 1013 659 1078 quae
682 995 833 1059 nimirum
856 994 1045 1060 ordinantur
1061 1001 1155 1080 prout
1169 992 1236 1076 jam
1261 988 1422 1054 traditum
1437 994 1480 1052 est

457 1103 485 1147 c.
510 1082 529 1147 8
554 1102 584 1145 n.
609 1081 629 1145 ‘l
654 1090 686 1146 et
709 1102 797 1167 seqq.
821 1084 863 1147 At
893 1083 946 1148 ubi
971 1101 1074 1167 neque
1106 1080 1247 1145 occurrit
1270 1077 1408 1143 Festum
1431 1095 1479 1141 no·

456 1190 528 1235 vem
551 1170 748 1245 Lectionum,
772 1190 874 1255 neque
899 1172 1014 1257 duplex
1038 1170 1166 1255 aliquod
1189 1166 1415 1254 reponendum
1436 1166 1480 1239 sit,

458 1258 603 1324 Officium
627 1259 820 1343 persolvitur
844 1258 882 1323 de
906 1259 956 1325 die
980 1258 1063 1324 inira
1087 1258 1238 1325 Octavam
1261 1254 1295 1320 S.
1321 1253 1478 1321 Laurentii

459 1348 508 1412 vel
532 1346 564 1412 S.
582 1346 693 1423 Clarae,
717 1355 812 1432 prout
837 1348 887 1412 die
910 1348 1104 1433 praecedenti
1127 1345 1401 1420 commonuimus,
1418 1362 1479 1407 curn

460 1455 544 1499 nona
578 1434 727 1501 Lectione
761 1445 793 1502 et
828 1438 1130 1501 commemoratione
1162 1434 1307 1517 vigiliae:
1346 1442 1480 1497 attamen

460 1524 564 1588 lllissae
581 1544 691 1588 omnes
715 1531 808 1590 erunt
833 1525 871 1589 de
888 1525 1012 1609 Vigilia.
1030 1524 1159 1590 Atteode
1182 1543 1253 1608 qaae
1277 1521 1480 1607 euplieaimae

461 1613 493 1675 io
517 1610 601 1675 diem
623 1612 665 1676 15
689 1611 780 1678 Febr.
805 1636 835 1677 o.
865 1613 932 1677 Vll.

505 1698 544 1765 ll.
569 1699 603 1764 Si
634 1700 750 1765 alicubi
773 1698 918 1767 Officium
949 1711 1063 1785 agatur
1091 1700 1122 1765 S.
1148 1697 1350 1763 Coniessoris
1383 1696 1481 1762 Ponti·

461 1787 530 1853 ficis
561 1807 633 1853 eum
658 1787 809 1854 Oratione
844 1790 883 1855 de
915 1789 1081 1855 Communi
1116 1789 1218 1873 primo
1253 1786 1352 1863 loco,
1389 1786 1481 1851 altera

461 1896 521 1962 pro
539 1879 842 1943 commemoratione
865 1876 914 1943 Ss.
939 1879 1102 1965 Hippolyti
1125 1884 1157 1941 et
1173 1876 1316 1940 Cassiani
1342 1882 1481 1940 sumatur

336 2027 339 2036 ,
461 1985 592 2030 necesse
629 1973 679 2030 est
713 1986 729 2030 e
764 1966 931 2032 Communi
966 1968 1176 2052 plurimorum
1208 1964 1391 2050 Martyrum
1424 1984 1480 2029 non

460 2052 650 2119 Pontificum
674 2055 777 2139 primo
802 2056 883 2131 loeo,
902 2074 1014 2141 nempe
1032 2056 1113 2119 Deus
1137 2052 1190 2139 qui
1212 2074 1265 2116 uos
1282 2053 1436 2118 concedis.
1453 2051 1479 2117 Si

460 2161 557 2227 porro
581 2162 676 2207 causa
701 2144 807 2219 adsit,
839 2164 897 2209 eur
920 2145 1045 2228 legatur
1069 2144 1164 2208 llissa
1188 2141 1303 2206 horum
1329 2142 1382 2208 Ss.
1407 2141 1477 2206 llar-

461 2238 589 2317 tyrum,
613 2231 715 2316 ipsam
740 2240 812 2317 pete
836 2252 852 2296 e
877 2233 1043 2297 Communi
1072 2232 1284 2318 plurimorum
1307 2230 1480 2319 Martyrum

460 2320 574 2384 ultimo
598 2319 679 2393 loco,
704 2340 817 2405 nempe
840 2321 931 2393 Solus
954 2332 1069 2396 aretem,
1087 2340 1159 2384 eum
1182 2319 1395 2385 Orationibus
1419 2337 1478 2404 qua

462 2408 601 2494 propriae
625 2416 799 2494 suppetunt
822 2408 882 2474 hae
906 2411 974 2496 ipsa
999 2409 1058 2475 die.
1082 2409 1131 2475 Ito
1155 2406 1278 2474 Misscle
1310 2406 1479 2474 Romamne

462 2501 602 2585 typicum
625 2497 734 2561 Romae
757 2498 828 2563 edit.
852 2520 932 2563 onoc
958 2499 1053 2564 1861.

418 2584 470 2650 11.
495 2622 540 2633 -
562 2585 585 2650 Ι.
610 2583 643 2649 Si
667 2585 761 2650 bodie
783 2607 847 2651 non
871 2589 913 2652 sit
935 2587 1110 2662 Oominiea,
1134 2605 1217 2651 nona
1240 2584 1354 2650 Lectio
1378 2585 1480 2651 recita·

462 2681 515 2738 tur
539 2672 577 2738 de
600 2673 732 2739 homilia
755 2674 879 2759 Vigiliae
911 2684 972 2741 ete.
998 2686 1034 2740 ut
1055 2677 1089 2741 in
1111 2673 1329 2751 Kalendario,
1359 2694 1398 2740 ac
1420 2674 1480 2739 due

463 2761 669 2826 celebrantur
700 2762 804 2829 Missa
836 2763 1089 2841 Conventuales,
1124 2762 1311 2828 ordinanda
1345 2765 1394 2828 uti
1423 2763 1480 2849 jam

462 2848 751 2917 demonstravimus
775 2873 803 2917 e.
821 2852 840 2917 8
858 2873 890 2917 n.
907 2853 927 2917 1
944 2860 975 2917 et
999 2872 1088 2938 seqq.
1106 2853 1147 2917 dt
1170 2850 1225 2916 ubi
1248 2850 1480 2937 neque'incidat

462 2935 592 3003 Festum
616 2958 729 3004 novem
752 2938 949 3021 Lectionum,
973 2961 1076 3027 neque
1100 2941 1216 3028 duplex
1239 2941 1375 3024 aliquod
1397 2958 1479 3026 opor·

463 3033 531 3090 teat
546 3027 668 3112 reponi,
684 3028 823 3115 idipsum
839 3029 955 3115 perfice
980 3029 1065 3116 quod
1081 3028 1150 3095 heri
1168 3048 1197 3093 n.
1215 3028 1229 3092 l
1245 3038 1415 3095 ostensum
1430 3034 1480 3092 est.

507 3114 546 3180 ΙΙ.
571 3114 605 3179 Si
628 3115 721 3180 hodie
744 3116 840 3183 luerit
863 3116 1040 3194 Oominiea,
1064 3138 1147 3185 nona
1170 3117 1279 3181 Lectio
1303 3117 1481 3204 adjungitur

335 3284 337 3286 q
465 3201 504 3267 de
527 3204 627 3289 ipsius
659 3205 812 3282 bomilia,
836 3226 874 3272 ae
898 3207 1159 3272 commemoratio
1187 3204 1221 3270 lit
1253 3204 1293 3270 de
1322 3227 1361 3272 ea
1391 3206 1481 3293 (ante

464 3292 599 3358 alteram
632 3291 759 3358 Oetavce
794 3301 826 3360 et
860 3294 1050 3382 Simplicis)
1081 3297 1113 3360 in
1146 3293 1307 3361 Laudibus
1342 3303 1376 3361 et
1398 3295 1482 3360 ldissa

464 3400 537 3446 cum
554 3381 623 3467 ejus
640 3381 809 3467 Evangelio
827 3383 859 3447 in
876 3384 980 3449 Missae
1005 3383 1075 3448 line.
1093 3383 1153 3449 Ubi
1175 3401 1334 3448 veronen
1351 3382 1483 3449 occurrit

463 3467 595 3534 Festum
620 3469 747 3556 duplex,
765 3470 910 3537 Cilicium
934 3473 1041 3557 agitur
1058 3471 1096 3537 de
1119 3471 1285 3537 Dominiea
1308 3492 1386 3538 eum
1410 3489 1483 3538 com·

462 3559 694 3623 memoratione
718 3557 844 3624 Octavae
868 3569 901 3625 et
924 3560 1109 3646 Simplicis,
1134 3569 1166 3625 et
1189 3560 1297 3626 colore
1322 3561 1481 3627 indumen·

468 3655 575 3712 torum
599 3647 726 3712 Oetavae
750 3648 1181 3715 convenientiamque.
1200 3649 1244 3713 tit.
1264 3649 1305 3714 l8
1323 3650 1395 3716 rad
1418 3659 1445 3715 ct
1458 3646 1481 3711 5.

508 3735 561 3801 Ill.
586 3734 620 3800 Si
643 3735 760 3800 alicubi
784 3736 915 3803 Festum
941 3737 1122 3803 celebretur
1144 3737 1177 3803 S.
1201 3735 1408 3804 Coniessoris
1429 3754 1482 3803 non

434 3821 630 3889 'Pontifieis
661 3823 826 3891 Secrelam
857 3825 1005 3892 habentis
1029 3836 1061 3909 et
1083 3827 1424 3893 Poslcommunionem
1453 3843 1483 3891 ex

464 3910 558 3976 llissa
588 3911 626 3976 Oe
642 3913 724 3998 justi
745 3912 785 3979 de
808 3913 975 3981 Communi
998 3912 1103 4001 primo
1127 3917 1220 3990 loeo,
1251 3922 1332 3982 tunc
1361 3915 1484 3982 Secreta

466 4007 499 4063 et
528 3998 789 4068 Postcommunio
820 4023 879 4089 pro
904 4002 937 4070 S.
963 4004 1100 4071 Eusebio
1130 4011 1302 4070 sumuntur
1326 4025 1368 4072 ex
1398 4005 1483 4071 llisst

466 4087 582 4159 tostos.
599 4087 633 4155 Si
655 4109 752 4181 porro
776 4092 884 4183 aliqua
907 4092 946 4161 de
968 4110 1067 4161 eausa
1090 4092 1261 4180 eontigerit
1284 4102 1323 4162 ut
1336 4094 1437 4164 Missa
1457 4090 1482 4161 S.
