3484 4875
436 502 500 566 mu
670 515 890 562 nouorarrouns
906 516 936 560 rs
951 514 1041 560 rasra
1057 514 1224 560 oncnmms

458 623 670 690 excluduntur
693 642 803 688 omnes
826 643 896 708 quar
913 622 944 686 in
960 619 1152 686 Kalendario
1176 620 1326 687 Romano
1350 622 1455 685 minime

459 722 675 787 recensentur,
692 721 723 777 et
735 714 761 776 si
774 709 844 796 quae
860 710 977 776 suerint
992 709 1159 785 incboatae,
1172 709 1347 776 confestim
1363 711 1407 775 die
1421 710 1457 774 de·

460 804 542 866 eima
558 804 692 887 septima
716 800 900 865 adveniente
923 799 1156 883 abrumpemur
1176 808 1210 864 ct
1227 808 1367 865 cessant.
1385 799 1457 864 Febr.

462 891 506 955 tit.
524 891 585 954 76.
602 891 631 954 1.
649 888 849 976 Quapropter
865 890 892 953 si
909 888 958 952 die
973 887 1033 952 hac
1050 888 1171 952 decima
1189 898 1283 954 sexta
1297 888 1458 953 Decembris

461 980 637 1044 occurrerit
659 978 764 1063 aliqua
789 976 855 1041 dies
879 976 959 1042 inira
990 975 1141 1041 Octavam
1172 985 1266 1042 extra
1300 978 1459 1063 septimam,

460 1068 618 1152 Vespera,
642 1066 695 1131 ubi
718 1087 781 1131 non
805 1073 853 1130 est
876 1064 1033 1150 agendum
1049 1064 1204 1150 postridie
1221 1065 1356 1131 Festum
1374 1086 1459 1130 novcn

460 1156 645 1221 Lectionum
668 1155 748 1240 (quo
773 1174 847 1219 casu
862 1155 1084 1219 servabuntur
1107 1157 1348 1220 concurrentia
1372 1154 1460 1237 leges),

460 1247 592 1327 integra·
615 1244 837 1328 persolventur
859 1242 898 1307 (16
921 1242 953 1308 S.
978 1242 1124 1318 Eusebio,
1148 1262 1223 1307 cum
1247 1262 1461 1308 commemora·

463 1335 549 1397 tione
573 1333 633 1397 diei
657 1331 738 1396 infra
763 1331 914 1397 Octavam
944 1331 1011 1412 (de
1042 1351 1103 1416 qna
1135 1330 1216 1396 nihil
1247 1333 1391 1417 amplius
1411 1331 1464 1415 fit),

379 1468 382 1473 -
459 1422 601 1506 itemque
623 1419 744 1495 Feriae3
769 1419 808 1485 ad
832 1419 1081 1505 Completorinm
1105 1427 1215 1484 tamen
1243 1421 1392 1506 ejusdem
1420 1420 1464 1483 diei

462 1511 650 1574 omittentur
672 1510 796 1574 Preces.
821 1508 855 1573 Si
879 1529 974 1594 porro
998 1508 1144 1573 inciderit
1160 1508 1229 1573 dies
1246 1511 1389 1595 septima
1403 1507 1465 1573 inira

462 1597 625 1673 Octavam,
647 1597 794 1684 Vespere
817 1600 939 1684 pariter
960 1599 1135 1662 recitantur
1157 1598 1298 1680 integrm
1317 1598 1356 1663 de
1372 1597 1402 1663 S.
1422 1596 1465 1661 Fu·
1502 1627 1505 1658 t

462 1688 561 1761 sebio,
585 1687 645 1751 nisi
669 1694 821 1772 sequatur
844 1686 1009 1751 Dominiea
1033 1685 1127 1773 (tum
1150 1687 1272 1772 quippe
1298 1708 1318 1751 a
1342 1686 1465 1773 Capitulo
1499 1675 1505 1804 p

464 1775 555 1840 fieret
578 1774 617 1839 de
639 1775 833 1861 Domuum),
850 1783 883 1839 at
900 1774 938 1839 de
955 1774 1071 1839 Octava
1088 1774 1165 1839 nihil
1184 1776 1306 1857 agitur,
1325 1778 1397 1860 quia
1412 1793 1465 1840 cun
1497 1819 1505 1838 .-

465 1863 533 1927 dies
556 1864 690 1949 septima
713 1863 861 1950 Vesperis
886 1863 1036 1929 destituta
1059 1864 1110 1939 sit,
1134 1862 1254 1928 Octava
1277 1863 1347 1949 jam
1370 1863 1465 1929 61116-

463 1972 538 2016 narn
562 1951 665 2026 desiit;
690 1952 835 2038 ideoque
853 1951 893 2017 ad
926 1952 1173 2038 Completoriurn
1206 1951 1366 2019 Precibus
1396 1955 1464 2018 locus

465 2039 566 2105 adest.
590 2040 685 2106 Rubr.
705 2042 807 2129 pecul.
831 2064 861 2107 6.
885 2040 960 2106 1114.
977 2040 1105 2105 Attende
1129 2041 1225 2105 etiam
1241 2062 1319 2126 qum
1335 2042 1464 2105 edicimus

465 2132 498 2193 r'o
523 2130 679 2215 Quedrop.
703 2153 733 2194 n.
757 2131 787 2195 O.
811 2131 950 2195 atvero
975 2129 1028 2193 ubi
1051 2129 1255 2215 privilegium
1289 2132 1374 2215 viget
1403 2130 1463 2195 ccle-

464 2216 578 2283 hrandi
601 2216 752 2284 Octavam
775 2220 836 2284 hoc
858 2227 1001 2305 tempore
1025 2219 1132 2293 vetito,
1156 2218 1200 2282 ibi
1225 2221 1430 2285 occurrentia
1442 2223 1462 2279 et

467 2310 697 2372 concurrentia
732 2309 819 2392 leges
842 2315 917 2373 sunt
939 2306 1165 2382 observande,
1194 2315 1230 2372 ut
1255 2308 1290 2372 in
1316 2309 1385 2373 aliis
1405 2314 1461 2371 tem·
1502 2331 1505 2340 ·

465 2396 607 2481 poribus,
630 2404 761 2482 excepto
778 2396 862 2483 quod
879 2395 1214 2463 commemorationem
1230 2394 1362 2463 Octava
1383 2393 1460 2462 omitti

467 2505 547 2570 opus
582 2495 630 2550 est
665 2507 682 2550 a
717 2486 811 2552 Missa
834 2487 957 2568 vigiliae
991 2486 1171 2550 Nativitatis
1202 2505 1310 2571 usque
1333 2483 1459 2569 adhujus
1501 2504 1505 2522 ³

466 2574 622 2639 secundas
644 2575 800 2659 Vesperas
822 2559 998 2650 inclusive,
1032 2575 1156 2640 etiamsi
1192 2573 1263 2639 dies
1289 2575 1402 2640 Octava
1420 2592 1456 2635 oc·
1503 2618 1505 2621 -

467 2672 576 2728 currat
600 2664 667 2748 ipso
690 2664 868 2728 Nativitatis
893 2664 951 2728 die.
978 2661 1066 2741 Quod
1083 2663 1110 2727 si
1127 2662 1195 2728 dics
1220 2661 1343 2729 Octava
1369 2659 1459 2729 incidat
1500 2650 1505 2713 1

466 2751 500 2814 in
523 2750 652 2816 Festum
675 2751 707 2817 S.
732 2751 895 2839 Stephani,
919 2761 986 2817 tum
1011 2771 1083 2816 vero
1107 2751 1194 2817 iliius
1223 2749 1458 2819 commemoratio
1501 2761 1505 2837 ¹3

466 2841 631 2923 peragitur
664 2842 694 2904 in
730 2841 878 2906 secundis
911 2840 1060 2926 Vesperis
1084 2838 1280 2907 Nativitatis.
1307 2842 1351 2906 De
1373 2838 1457 2905 diebus
1503 2850 1505 2922 t

467 2926 595 2992 tandem
619 2927 700 2994 inira
723 2928 874 2995 Octavam
899 2928 975 2995 nihil
1001 2949 1132 3013 prorsus
1155 2927 1190 2994 fit
1214 2950 1231 2994 6
1258 2929 1399 3016 praefatis
1418 2925 1459 3012 pri·

469 3015 529 3078 mis
563 3016 711 3101 Vesperis
735 3019 774 3082 ad
798 3018 881 3083 diem
916 3037 1016 3103 usque
1040 3018 1226 3100 vigesimam
1250 3028 1394 3084 octavam
1423 3014 1460 3078 116

468 3103 605 3170 cembris
628 3107 790 3172 inclusive.
815 3107 925 3190 Reiepc
947 3127 972 3171 e.
998 3107 1062 3171 66.
1081 3106 1121 3170 ib
1139 3116 1167 3170 et
1185 3127 1259 3193 qcce
1276 3107 1461 3173 annotavimus

466 3191 499 3254 m
522 3192 605 3257 diem
627 3194 668 3259 25
692 3195 783 3262 Febr.
807 3218 836 3260 6.
867 3195 933 3260 VH.

511 3280 565 3346 111.
589 3282 647 3348 Ubi
671 3283 860 3369 Antiphone
884 3283 1112 3369 privilegiata,
1144 3281 1182 3346 ad
1215 3283 1343 3350 Laudes
1373 3289 1403 3348 et
1424 3297 1462 3366 per

467 3369 570 3437 Horas
593 3374 624 3437 in
648 3393 703 3438 sex
725 3372 826 3437 Feriis
849 3381 924 3437 ante
945 3371 1090 3454 Vigiliam
1115 3371 1301 3439 Nativitatis
1325 3369 1462 3439 dicenda,

467 3477 505 3523 cx
528 3459 654 3526 indulto
678 3462 862 3546 Apostoiieo
894 3461 1048 3545 incipiunt
1080 3459 1129 3524 die
1160 3459 1288 3526 decima
1321 3471 1404 3528 serta
1423 3457 1464 3522 Oc·

468 3548 629 3626 cembris,
653 3549 692 3614 ab
717 3550 776 3615 hac
799 3551 867 3635 ipsa
892 3549 941 3615 die
964 3550 1084 3634 pariter
1107 3549 1324 3616 excluduntur
1352 3549 1463 3617 coare.

469 3635 573 3714 Quare
596 3640 627 3703 in
651 3638 798 3702 secundis
820 3638 968 3724 Vesperis
993 3637 1053 3702 diei
1078 3637 1210 3701 decimae
1234 3641 1355 3724 quintae
1385 3629 1463 3722 qumi

467 3727 803 3791 commemorationem
839 3728 886 3792 vel
923 3728 1126 3791 omissionem
1160 3725 1298 3796 Octavae¹
1325 3733 1464 3793 serventur

470 3831 539 3895 quae
564 3836 592 3878 n.
617 3815 645 3878 11
669 3815 859 3900 praecedenti
883 3818 1069 3901 praescripta
1092 3823 1179 3880 sunt:
1201 3816 1232 3881 S.
1254 3817 1290 3881 tt.
1312 3817 1344 3882 G.
1362 3812 1464 3881 16166.

471 3901 555 3965 1677
579 3904 610 3967 in
632 3903 792 3992 Hispclcu.
816 3904 858 3967 od
882 3905 910 3970 5.

428 3987 480 4054 17.
503 4025 547 4036 -
569 3990 592 4055 1.
617 3990 650 4056 Si
674 3992 799 4076 quando
823 3992 952 4057 Festum
985 3993 1019 4056 B.
1048 3991 1228 4076 Margarita
1254 3988 1465 4060 celebreturit

470 4076 613 4158 Quatuor
635 4078 865 4167 Temporibus,
900 4081 1065 4147 Lectiones
1100 4080 1196 4167 primi
1226 4081 1383 4150 Nocturni
1409 4079 1464 4145 6661
