3484 4875
350 564 352 569 Ι
450 480 518 548 lot
765 500 854 547 ιιιιιιιι
869 500 967 549 arnon
982 499 1160 548 ιιοιιιιιιιιιι

937 694 981 770 G

429 871 586 941 Gabrielis
609 874 704 941 llrcb.
722 871 779 962 (S.)
801 872 931 940 Festum
952 894 991 941 an
1015 875 1237 960 prelationem
1261 876 1379 945 babeat
1394 896 1467 964 snpra

474 961 568 1029 Festa
593 964 694 1050 ejusd.
718 965 809 1040 ritus,
833 984 861 1028 c.
884 962 906 1029 l
929 984 959 1029 ιι.
985 963 1003 1028 5
1028 972 1059 1028 et
1082 985 1110 1029 e.
1135 966 1153 1029 5
1179 966 1248 1031 nd
1272 967 1342 1032 ΙΙΙ.θ

377 1085 381 1094 ·
430 1049 557 1137 Georgii
570 1051 628 1141 (S.)
641 1053 679 1117 bl.
693 1052 821 1118 Festum
834 1053 860 1117 si
874 1049 1085 1118 transferatur
1097 1062 1171 1140 post
1181 1054 1405 1132 Pentecosten,
1416 1074 1469 1141 quo

472 1141 567 1206 modo
585 1141 652 1227 ejus
669 1140 813 1207 Officium
829 1149 861 1206 et
878 1139 972 1206 llissa
995 1139 1182 1218 ordinanda,
1199 1143 1310 1210 adnot.
1330 1146 1367 1210 ll
1388 1144 1455 1230 llaji.

428 1226 597 1296 Gervasius
621 1229 677 1318 (S.)
703 1230 755 1295 ubi
780 1237 828 1295 est
850 1229 1035 1315 principalis
1059 1230 1217 1297 Patronus
1241 1235 1292 1299 vel
1317 1234 1469 1306 lltularis,

472 1338 535 1404 qua
568 1321 691 1385 ratione
714 1318 880 1383 ordinetur
913 1317 981 1404 eJus
1005 1316 1149 1385 Officium
1183 1328 1216 1386 et
1241 1321 1363 1400 Missa,
1385 1322 1469 1388 adnot.

474 1407 515 1473 le
538 1407 610 1474 dnn.

427 1494 535 1562 Gloria
552 1498 584 1562 in
601 1495 734 1562 excelsis
751 1494 953 1581 quandonam
968 1495 1075 1560 locum
1090 1494 1217 1573 habeat,
1234 1496 1347 1566 adnot.
1367 1501 1405 1565 l5
1419 1498 1471 1564 Jan.

472 1605 503 1650 n.
527 1584 578 1651 lV.
602 1584 734 1665 Quando
757 1586 790 1650 in
812 1584 918 1650 Missis
940 1584 1065 1659 votivis,
1088 1605 1116 1649 e.
1140 1585 1160 1651 G
1183 1606 1215 1650 ιι.
1240 1587 1296 1653 20.

425 1671 534 1739 Gloria
555 1673 643 1739 Patri
660 1693 753 1758 quam
770 1673 810 1738 ob
828 1692 957 1739 oausam
973 1674 1240 1760 praetermittatur
1258 1684 1405 1765 tempore
1418 1677 1473 1741 Pas·

470 1762 578 1839 sionis,
602 1782 674 1848 pag.
697 1761 761 1827 256
784 1762 817 1827 in
840 1762 861 1828 b
885 1769 971 1827 nota.

425 1849 583 1916 Graduale
606 1849 733 1936 quando
760 1852 866 1919 locum
890 1849 1028 1925 habeat,
1056 1858 1162 1916 annot.
1188 1871 1205 1916 a
1230 1852 1325 1919 Pent.
1351 1854 1390 1920 ad
1413 1853 1473 1919 ddr.

468 1959 500 2005 n.
526 1939 577 2005 lo,
602 1939 635 2004 Si
658 1941 691 2005 in
714 1941 844 2027 proprio
868 1959 932 2005 non
956 1937 1057 2015 adest,
1082 1939 1164 2005 unde
1187 1942 1396 2020 sumendum,
1420 1943 1474 2007 cl

469 2048 500 2093 ιι.
526 2028 566 2092 l7
590 2028 649 2094 sub
672 2028 777 2094 tinem.

425 2115 570 2201 Gregorii
592 2117 781 2184 Nazianzeni
803 2116 861 2206 (S.)
884 2116 1015 2183 Festum
1039 2115 1066 2181 si
1088 2115 1210 2184 incidat
1233 2119 1267 2184 in
1291 2119 1419 2187 Feriam
1440 2140 1476 2185 oa·
1513 2171 1515 2180 .

468 2214 592 2271 rentem
615 2205 817 2274 Lectionibus
834 2207 873 2272 de
890 2204 1056 2292 Scriptura
1080 2217 1281 2285 oecurrente,
1300 2229 1341 2275 ex
1356 2228 1477 2297 quonam

470 2294 635 2363 Communi
659 2294 804 2381 petendae
826 2295 901 2372 sint,
924 2294 1032 2362 adnot.
1056 2293 1075 2359 9
1099 2294 1182 2382 llaji.
1513 2307 1515 2314 '

424 2382 596 2470 Gregorius
619 2385 633 2450 Ι
656 2382 713 2473 (S.)
736 2385 792 2472 Pp.
821 2383 854 2450 G.
879 2389 911 2450 et
932 2382 1022 2451 Doct.
1046 2383 1073 2449 si
1100 2382 1319 2453 transferatur
1343 2389 1375 2454 in
1398 2386 1477 2460 diem,

468 2494 537 2559 quae
561 2483 670 2540 eareat
691 2494 774 2540 nona
797 2474 945 2540 Lectione
969 2473 1008 2538 de
1030 2473 1161 2539 homilia
1184 2483 1263 2551 eto,
1290 2478 1347 2543 ubi
1370 2477 1477 2543 desinat

468 2563 555 2628 illius
580 2571 691 2629 octava
713 2563 831 2639 Lectio,
855 2562 962 2628 adnot.
987 2563 1029 2628 lu
1051 2562 1142 2628 llart.

424 2650 596 2735 Gregorius
618 2650 674 2717 Vll
697 2650 754 2739 (S.)
781 2650 858 2730 Qum
884 2649 980 2717 Missa
1006 2651 1039 2716 in
1069 2651 1136 2737 ejus
1159 2649 1242 2716 leste
1272 2652 1405 2721 dicenda
1427 2662 1478 2727 est,

469 2740 576 2805 adnot.
600 2741 642 2806 28
666 2741 738 2827 llaj.

425 2825 597 2911 Gregorius
620 2828 876 2913 Thaumaturgns
901 2825 958 2916 (S.)
986 2827 1061 2914 Fju‘s
1084 2828 1199 2894 festum
1233 2830 1267 2896 in
1292 2830 1433 2900 Ecclesia
1453 2851 1478 2896 u·

466 2916 616 2982 niversali
639 2926 689 2984 est
711 2918 918 3004 semiduplex,
943 2917 1050 2984 adnot.
1075 2917 1117 2984 ld
1133 2917 1215 3008 *lieo
1241 2940 1273 2985 ιι.
1301 2921 1358 2988 lll.

420 3268 576 3337 Henrieus
599 3268 656 3359 (S.)
678 3273 706 3338 si
722 3271 945 3350 transferatur,
968 3293 1008 3340 an
1025 3273 1058 3340 in
1074 3273 1142 3359 eius
1166 3268 1327 3342 Oratione
1351 3293 1474 3364 pronun·

464 3359 613 3426 ciandum
636 3362 679 3427 sit
699 3360 858 3426 Hodierno
881 3361 940 3439 die,
964 3362 1071 3428 adnot.
1095 3362 1115 3428 7
1139 3360 1254 3429 Octob.
1280 3385 1315 3432 n.
1340 3365 1365 3432 1.

420 3445 683 3534 Hermenegildns
706 3448 762 3538 (S.)
785 3450 825 3516 Μ.
849 3450 877 3516 si
892 3450 1009 3518 habeat
1030 3453 1080 3518 vel
1096 3472 1160 3517 non
1182 3450 1307 3520 habeat
1322 3454 1473 3542 Vesperas.

464 3538 622 3621 quomodo
645 3539 713 3624 ejus
736 3539 845 3626 hymni
875 3539 1064 3617 ordinandi,
1096 3539 1204 3608 adnot.
1231 3542 1272 3606 15
1308 3544 1386 3630 Apr.
1408 3563 1435 3608 ιι.
1453 3537 1471 3604 l.

463 3623 536 3690 Sive
559 3627 739 3694 celebretur
769 3637 914 3715 tempore
937 3629 1084 3696 Paschali
1107 3630 1173 3695 sive
1197 3651 1275 3706 non,
1302 3633 1381 3719 qnid
1403 3630 1472 3697 eirea

463 3711 629 3780 Lectiones
653 3715 739 3781 tertii
761 3715 915 3783 Nocturni
939 3717 1178 3794 advertendum,
1204 3718 1285 3786 ibid.
1311 3742 1344 3788 n.
1368 3720 1405 3787 ll.

419 3798 629 3890 Hieronymus
651 3803 709 3892 (S.)
732 3805 786 3871 ubi
809 3805 926 3890 gaudet
946 3806 1074 3883 Octava,
1092 3827 1239 3896 quaenam
1263 3808 1429 3877 Lectiones
1446 3807 1470 3870 io

464 3891 559 3955 tertio
582 3892 744 3959 Nocturno
767 3896 939 3962 recitandae
962 3904 1046 3971 sunt,
1069 3896 1096 3961 si
1113 3894 1261 3964 Officium
1286 3903 1471 3987 persolvatur

463 3976 502 4043 de
526 3978 547 4043 b
571 3979 620 4046 die
643 3981 726 4048 inira
749 3981 912 4063 Octavam,
936 3985 1043 4051 adnot.
1068 3985 1109 4051 50
1133 3984 1224 4073 Sept.

418 4064 529 4135 Hilarii
547 4065 603 4157 (S.)
619 4068 715 4140 Missa
730 4070 918 4161 Symbolum
939 4073 1091 4164 exposcit,
1115 4074 1225 4143 adnot.
1245 4077 1287 4144 ll
1305 4076 1397 4147 Febr.
1411 4072 1467 4145 nt
