3484 4875
449 473 490 539 56
654 492 747 547 parur
763 492 803 537 ru.
820 492 859 537 nn
874 489 1091 537 nonusnurmmr
1106 489 1260 536 rnsroanu

423 600 531 666 turin
554 620 707 677 occursu,
738 602 826 687 prior
856 596 1137 686 quidem'litnlari
1160 598 1298 684 propriae
1322 595 1466 673 lleclesie,

422 689 505 754 alter
529 709 602 754 rere
619 688 650 754 S.
669 689 778 755 liechn
796 691 929 775 aequalis
945 689 1024 753 ritus
1042 686 1137 775 (apud
1152 689 1235 774 nos),
1252 687 1315 752 nisi
1332 687 1465 772 inprime

421 798 497 844 casu
520 777 628 843 obstet
644 780 748 864 quoad
771 779 946 844 Titularem
964 777 1095 860 insignis
1117 776 1267 860 dignitas,
1283 776 1334 841 vel
1351 776 1383 842 in
1406 795 1473 841 casu

423 876 558 954 utroque
581 868 767 933 solemnitas
790 868 903 954 major,
927 875 961 933 ut
984 886 1091 951 supra.
1116 865 1209 929 liuor.
1230 864 1335 953 pccrrl.
1360 887 1389 929 o.
1411 864 1474 930 82:

487 956 536 1021 V.¹
560 955 645 1021 testi
668 958 869 1042 proprietas:
895 976 964 1041 quac
987 956 1014 1019 si
1037 956 1068 1019 in
1093 963 1226 1039 utroque
1250 955 1335 1019 inest
1365 974 1402 1019 ex
1421 952 1465 1018 le·

420 1047 479 1111 stis
503 1046 765 1122 occurrentibus,
789 1045 868 1111 illud
891 1042 1081 1131 praefertur,
1106 1044 1191 1129 qnod
1212 1051 1263 1108 εει
1286 1042 1389 1127 magis
1411 1062 1467 1129 pro

417 1137 533 1221 prium.
559 1134 701 1199 Primum
725 1156 752 1199 v.
777 1154 824 1219 gr.
850 1135 955 1199 locum
986 1132 1107 1197 obtinet
1140 1130 1285 1197 Officium
1321 1132 1472 1217 peculiare

418 1226 556 1309 proprie
581 1222 742 1297 Ecclesiam
767 1224 952 1296 secundum,
977 1220 1104 1285 Ordinis
1127 1241 1181 1285 seu
1205 1220 1396 1305 Religionis3
1419 1228 1478 1312 ter·¹

417 1314 507 1388 tium,
532 1311 728 1386 llioeeeseos3
752 1321 912 1396 quartum,
935 1311 1098 1384 Nationis·,
1122 1318 1323 1397 postremum
1347 1310 1466 1394 denique

418 1402 545 1476 locum,
570 1400 715 1465 (illiciunt
751 1400 902 1465 Ecclesiae
936 1400 1134 1465 universalis.
1159 1398 1190 1463 S.
1214 1397 1250 1462 fl.
1279 1399 1310 1463 0.
1342 1399 1385 1463 ⁶25
1407 1398 1464 1462 dou.

418 1489 744 1565 intromonte-12.
769 1490 810 1553 od
834 1490 849 1554 l
876 1500 905 1554 ct
927 1488 968 1554 29
992 1487 1061 1552 Jou.
1087 1487 1172 1552 utto
1195 1487 1226 1551 iu
1244 1486 1466 1552 Panormitam.

417 1576 532 1642 Itidem
556 1576 700 1643 Ollicium
724 1578 866 1644 Civitatis
891 1576 1066 1643 antefertur
1089 1575 1197 1642 Ollieio
1223 1575 1389 1651 llioecesis;
1412 1574 1466 1642 tid

417 1668 500 1731 cium
527 1667 697 1731 Provinciae
721 1665 829 1732 Ollicio
852 1666 1005 1733 Nationis
1029 1666 1123 1730 uuor.
1139 1664 1240 1753 pecul.
1264 1687 1295 1729 u.
1313 1665 1369 1729 ut.
1394 1665 1425 1730 Si
1440 1684 1464 1730 er

418 1755 540 1820 duobus
565 1754 692 1845 (illiciis,
716 1776 786 1841 quae
809 1764 955 1842 spectant
978 1755 1018 1819 ad
1040 1754 1183 1835 eamdem
1201 1753 1340 1819 classem
1358 1754 1490 1819 Officio'

417 1863 488 1909 rum
512 1844 688 1929 cujuspiam
712 1845 862 1910 Ecclesiae
887 1844 984 1932 (quia
1009 1863 1120 1928 nempe
1137 1851 1308 1927 utrumque
1326 1846 1467 1927 peculiari

416 1930 522 2018 aliquo
549 1934 639 1997 titulo
663 1954 691 1998 v.
709 1952 756 2015 gr.
775 1935 922 2019 specialis
938 1933 1065 2007 lndulti,
1085 1932 1216 2015 insignis
1241 1930 1411 2017 Reliquiae,
1426 1942 1468 1999 aot

416 2022 478 2085 alio
503 2022 609 2096 simili,
634 2042 690 2086 scu
713 2022 868 2087 ambobus
893 2022 1063 2095 communi,
1081 2040 1135 2084 seu
1160 2020 1297 2096 diverso,
1314 2022 1349 2085 in
1368 2044 1405 2087 ea
1424 2023 1468 2089 llo

415 2110 512 2174 clesia
536 2110 738 2196 celebratur),
762 2132 858 2175 unum
886 2111 1016 2196 insuper
1039 2110 1195 2195 pertineat
1218 2107 1258 2172 ad
1284 2108 1425 2177 classem
1442 2132 1465 2177 a·

414 2199 512 2274 liam,
537 2207 571 2264 ut
595 2199 634 2263 ad
659 2198 767 2264 Ollicia
791 2199 985 2283 Religionis;
1019 2198 1155 2263 alterum
1185 2215 1260 2261 uero
1293 2199 1335 2263 ad
1361 2202 1465 2268 nullan

414 2288 560 2363 classem,
584 2288 633 2352 vel
654 2288 697 2354 ad
722 2289 828 2365 aliam,
851 2290 968 2354 aliasve
992 2285 1168 2361 inferiores,
1191 2304 1219 2349 r.
1238 2306 1286 2369 gr.
1305 2287 1348 2353 ad
1374 2288 1468 2357 Officia
1508 2327 1511 2368 ;

411 2375 565 2443 llioecesis
589 2378 638 2443 rel
661 2378 815 2453 Nationis,
839 2378 888 2443 rel
912 2377 1092 2462 utriusque,
1117 2374 1292 2440 autsimul
1316 2378 1471 2446 etiamad
1509 2379 1511 2422 ἶ

413 2464 522 2532 Officia
548 2469 736 2533 universalis
760 2467 927 2540 llcclesiae;
950 2466 1030 2531 illud
1053 2466 1114 2529 erit
1137 2463 1209 2528 huic
1233 2464 1471 2536 anteferendum

412 2556 445 2620 in
470 2558 679 2643 occupatione
704 2556 775 2621 diei.
801 2556 888 2621 ldem
912 2555 962 2619 dic
986 2554 1023 2618 de
1049 2553 1170 2618 duobus
1195 2551 1315 2618 Olliciis
1342 2555 1471 2643 Religio·

411 2645 473 2720 nis,
500 2645 548 2708 vel
572 2644 735 2719 llioecesis,
751 2645 801 2709 vel
818 2644 967 2709 llatinnis
985 2652 1066 2728 (qum
1082 2641 1203 2706 seilicet
1220 2642 1317 2708 ambo
1336 2648 1469 2732 speciali,

294 2763 298 2768 ·
364 2736 367 2747 '
412 2738 467 2796 s'eu
492 2733 682 2817 specialibus
702 2733 811 2808 titulis,
836 2741 870 2797 ut
894 2753 1001 2819 supra,
1024 2733 1056 2795 iu
1076 2731 1249 2813 Religione,
1273 2733 1325 2798 vel
1344 2735 1468 2801 llioeeesi

410 2820 460 2884 vel
484 2819 617 2883 Natione
640 2820 827 2908 potiuntur);
853 2822 880 2886 si
896 2842 993 2886 nnrrm
1017 2819 1056 2885 ad
1074 2821 1167 2884 aliam
1192 2829 1386 2904 sequentem
1402 2825 1464 2890 clas·

411 2927 501 2981 sem,
525 2909 661 2973 alterum
687 2908 727 2973 ad
748 2910 868 2988 aliam,
892 2911 1009 2975 aliasve
1033 2907 1216 2982 inferiores,
1240 2908 1290 2973 vel
1316 2912 1358 2976 ad
1385 2913 1466 2979 aliam

409 2995 530 3060 nullam
555 2999 721 3081 pertineat.
747 2998 842 3064 θεὸν.
863 2999 965 3087 pecul.
990 3023 1020 3063 u.
1050 2997 1101 3062 at.
1125 2995 1240 3061 Verum
1266 3004 1417 3082 quamvis
1437 3021 1469 3067 ex

408 3083 524 3158 verbis,
548 3104 617 3169 quae
640 3088 837 3172 superiorem
862 3087 1076 3173 parenthesim
1100 3085 1204 3149 citatae
1228 3084 1382 3155 liubricae
1406 3111 1469 3155 con·

409 3182 607 3256 sequuntur,
630 3175 717 3239 innui
740 3175 885 3242 videatur
920 3178 1025 3242 omnia
1049 3173 1347 3240 indiscriminatim·
1367 3178 1469 3245 Officia

407 3262 615 3347 particularia
639 3266 751 3348 ,magis
775 3265 1007 3330 uniuersalibus
1031 3284 1100 3328 esse
1123 3259 1346 3347 praelerenda;
1373 3267 1405 3332 id
1428 3275 1467 3333 ta·

407 3371 489 3416 men
505 3351 543 3416 de
568 3352 634 3417 illis
658 3353 822 3418 dumtaxat
845 3351 1178 3420 Ollleiiseensendum
1202 3359 1273 3427 est,
1298 3374 1467 3443 quaesspc·

407 3440 522 3504 cialem
546 3441 745 3507 attinentium
762 3463 816 3507 seu
841 3443 1029 3517 relationem
1053 3440 1092 3505 ad
1115 3439 1301 3519 Ecclesiam,
1320 3441 1467 3509 Ordinem

388 3531 462 3602 faut
497 3528 616 3604 Locum
650 3530 789 3603 habent:
821 3529 997 3616 cujusmodi
1030 3537 1124 3604 sunt,
1156 3527 1260 3612 quoad
1293 3521 1466 3597 Ecclesiam

406 3616 657 3700 particularem,
688 3617 796 3683 llfficia
820 3619 1054 3692 Dedicationis,
1078 3616 1228 3681 Titularis
1260 3623 1291 3680 et
1316 3617 1464 3706 Reliquiae

404 3703 539 3784 insignis
570 3706 646 3771 inihi
678 3715 868 3772 asservatae:
906 3709 1008 3792 quoad
1045 3704 1228 3780 Ordinem,
1248 3702 1359 3772 Ollinia
1391 3710 1462 3774 San·

404 3797 540 3866 ctorurn,
564 3795 617 3876 qui
649 3815 718 3860 eam
750 3795 946 3880 Religionem
978 3794 1112 3882 prolessi
1136 3801 1220 3867 sunt,
1244 3801 1276 3857 et
1298 3794 1332 3860 in
1357 3817 1394 3862 ea
1417 3796 1460 3881 pie

404 3885 650 3964 constanterque
673 3883 712 3947 ad
736 3883 858 3948 obitum
882 3891 1132 3969 perseverantes,
1155 3901 1283 3947 sacrum
1307 3886 1392 3971 apud
1413 3882 1459 3970 pn·

403 3974 508 4032 steros
532 3967 653 4034 cultum
670 3971 797 4056 publico
814 3971 965 4037 llcelesiae
978 3973 1097 4058 judicio
1114 3980 1311 4046 meruerunt
1334 3977 1382 4046 ¹uel
1400 3976 1454 4062 qui,

404 4056 545 4122 extranei
569 4056 667 4135 lieet,
691 4057 843 4125 affinitate
866 4061 994 4147 aliqua,
1017 4070 1072 4129 aut
1094 4063 1157 4129 alio
1181 4061 1292 4145 quovis
1320 4085 1401 4134 nexu
1421 4063 1453 4130 ad
