3484 4875
368 468 433 532 500
575 484 750 531 nevornnon
766 482 839 530 vosr
855 482 993 530 ocrcvnu
1008 480 1202 530 ascensiones

343 590 548 675 persolvitur,
580 591 676 655 llissa
707 592 845 656 sumitur
877 610 895 655 e
926 589 1094 655 Dominica
1118 587 1306 676 praecedenti
1330 606 1383 653 eum

344 676 541 743 ‘roratione
574 678 732 753 Concede,
764 677 952 742 idcelesioe
981 678 1031 741 vel
1062 696 1122 762 pro
1148 677 1256 761 Papa;
1284 674 1343 749 vel,
1366 674 1386 737 si

344 774 495 832 occurrat
517 766 671 848 Simplex,
696 785 769 830 cum
792 765 813 830 2
837 765 989 830 Oratione
1013 763 1052 829 de
1077 766 1161 849 ipso,
1180 761 1350 836 odiente,
1365 768 1394 824 et·

343 872 407 916 non
432 853 550 917 dicitur
567 852 677 926 Credo,
695 853 769 937 quia
792 852 860 916 haec
878 851 970 915 Feria
994 859 1085 916 sexta
1109 858 1242 916 nonest
1262 868 1329 913 vere
1342 848 1388 912 dies

344 939 428 1005 inira
452 939 603 1005 Octavam
629 940 850 1013 Ascensionis;
876 938 1047 1003 adhibetur
1072 947 1181 1003 tamen
1206 935 1344 1002 Praelatio
1362 935 1388 999 l·

344 1028 521 1092 scensionis
545 1027 687 1114 (agatur
710 1028 786 1092 licet
809 1026 940 1091 Festum
964 1026 1111 1110 aliquod,
1136 1025 1309 1091 dummodo
1330 1020 1391 1086 istnl

343 1116 507 1198 propriam
537 1135 600 1178 non
632 1113 796 1200 lrabeat),
827 1114 884 1178 sed
914 1114 983 1177 sine
1013 1112 1160 1198 ejusdem
1189 1110 1393 1178 Communium

325 1210 396 1265 'tec
421 1201 456 1264 ln
489 1201 716 1287 Martyrologio
748 1201 866 1284 legitur
896 1202 999 1285 primo
1032 1201 1103 1265 loco
1136 1200 1250 1284 Vipilic
1277 1198 1391 1262 Penteco-

342 1297 410 1352 stes.
435 1288 468 1351 Si
499 1287 626 1374 quando
657 1290 689 1351 in
725 1287 785 1352 huc
815 1288 908 1352 Feria
938 1296 1026 1352 sexta
1061 1287 1195 1352 Festum
1231 1286 1392 1356 celebretur,

344 1382 517 1460 utcumque
548 1374 768 1459 semiduplex,
800 1375 949 1440 secundm
973 1375 1123 1459 Vespere
1153 1374 1194 1438 de
1226 1374 1296 1458 ipso
1325 1376 1393 1436 erunt

343 1463 476 1544 integrae
501 1465 515 1547 (
525 1462 621 1528 decbr.
645 1463 746 1547 pecul.
770 1484 800 1525 c.
826 1463 867 1526 50
892 1472 921 1526 et
948 1461 1021 1526 Gau.
1046 1472 1118 1526 sect.
1143 1461 1165 1525 6
1191 1483 1217 1526 c.
1243 1460 1283 1525 17
1307 1482 1333 1523 u.
1353 1457 1391 1541 l),

343 1569 416 1614 cum
433 1551 738 1614 commemoratione
754 1548 855 1614 Feriae
873 1570 912 1613 ecc
928 1550 1068 1613 secundis
1088 1548 1232 1636 Vesperis
1249 1545 1391 1612 Dovuiuicc

339 1635 561 1724 praecedentum
578 1645 612 1702 at
635 1638 688 1701 ubi
706 1637 835 1701 Festum
852 1637 932 1701 illud
955 1638 999 1701 sit
1021 1637 1139 1722 duplex
1164 1637 1280 1721 primae
1295 1632 1391 1705 classis

342 1722 423 1787 nihil
447 1724 485 1787 de
508 1723 602 1790 Feria
624 1725 681 1800 lit,
705 1744 779 1790 cum
802 1723 947 1789 Officium
972 1724 1065 1809 hujus
1091 1724 1194 1789 Feriae
1218 1723 1392 1809 persolvatur

343 1809 384 1875 ad
407 1829 553 1876 normam
570 1813 632 1878 diei
655 1811 739 1877 inira
756 1812 919 1888 Octavam,
937 1812 1028 1897 cnjus
1053 1812 1316 1878 commemoratio
1335 1826 1390 1893 pre

343 1898 498 1963 tereunda
530 1908 579 1965 est
610 1902 643 1965 in
674 1900 823 1965 secundis
847 1900 997 1986 Vesperis
1020 1900 1108 1964 Festi
1134 1900 1252 1984 primae
1284 1896 1390 1969 classis,

343 1987 489 2070 quamvis
513 1986 551 2052 de
575 2008 612 2053 ea
636 1987 795 2071 agendum
819 1988 860 2053 sit
884 1988 1030 2073 sequenti
1055 1988 1116 2051 die.
1134 1986 1233 2051 Rubr.
1257 1980 1390 2074 peculll

343 2082 373 2137 et
396 2072 535 2138 Pittacus
562 2076 599 2140 de
626 2077 739 2140 Octcuc
763 2079 886 2141 Aerem.
910 2098 940 2141 u.
966 2076 1040 2139 757.
1064 2075 1186 2140 Verum
1216 2075 1334 2158 quoties
1353 2066 1390 2134 Ol·

343 2160 413 2226 ficio
438 2160 538 2226 Feriae
560 2164 649 2229 locus
673 2164 787 2237 extitit,
804 2163 879 2228 huic
902 2163 1079 2227 inserviunt
1102 2160 1255 2227 secundae
1270 2160 1390 2245 Vespera

343 2250 569 2325 Ascensionis‚
601 2252 657 2316 sed
681 2251 886 2336 Capitulum,
910 2250 1092 2335 Antiphone
1121 2248 1164 2314 ad
1187 2248 1355 2335 Mcpuifflut
1370 2248 1392 2306 et

344 2335 453 2401 Oratio
477 2339 679 2422 accipiuntur
702 2359 719 2402 e
741 2338 908 2402 Dominica
931 2336 1136 2423 praecedenti.

299 2488 302 2495 .
410 2425 440 2490 O.
458 2424 539 2490 siin
557 2426 617 2491 hac
633 2426 725 2492 Feria
742 2434 831 2491 sexta
849 2433 998 2491 occurrat
1014 2423 1132 2491 alieubi
1145 2422 1216 2488 dies
1232 2420 1314 2488 inlra
1325 2418 1391 2486 Octa

343 2531 415 2576 vam
432 2512 584 2578 Titularis
601 2522 672 2589 etc,
691 2514 729 2578 de
746 2513 796 2578 die
814 2515 875 2578 ista
899 2513 1044 2581 Ollieium
1062 2520 1094 2578 et
1110 2511 1209 2576 Missa
1226 2519 1327 2585 erunt,
1340 2524 1391 2572 cun

344 2602 648 2665 commemoratione
665 2601 774 2665 Feriee.
792 2602 823 2665 S.
842 2601 877 2665 ll.
899 2600 932 2665 O.
952 2601 991 2664 l7
1009 2602 1093 2688 Sept.
1112 2599 1201 2663 tu55
1219 2599 1252 2662 iu
1272 2598 1391 2662 Verouee

343 2686 385 2750 cd
407 2687 438 2751 d.
457 2687 497 2751 alt
519 2689 552 2751 in
576 2689 725 2753 secundis
743 2688 906 2772 Vesperis
923 2689 1072 2773 quoniam
1098 2686 1289 2751 adveniente
1304 2680 1392 2765 Vigila

342 2774 548 2838 Pentecostes
572 2784 699 2840 cessant
716 2774 843 2840 Octavae
867 2777 1079 2861 particulares
1097 2794 1201 2857 usque
1225 2773 1267 2838 ad
1290 2771 1392 2836 Festum

342 2860 399 2925 SS.
423 2861 599 2936 Trinitatis,
623 2871 656 2926 et
679 2872 791 2947 erepte
815 2863 1051 2948 abrumperetur
1075 2862 1091 2946 (
1104 2861 1203 2926 nour.
1230 2860 1277 2924 tit.
1301 2861 1318 2924 7
1338 2853 1388 2921 ul

301 2965 305 2970 ·
344 2956 463 3034 etpost
490 2946 601 3013 Tabell.
626 2951 830 3014 occurrentice
851 2972 882 3014 u.
908 2950 927 3014 u
940 2950 978 3035 ),
1002 2951 1183 3014 recitantur
1206 2946 1348 3031 Vespere
1365 2941 1391 3005 le

344 3034 395 3099 die
418 3034 499 3098 inira
517 3035 668 3100 Octavam
691 3058 763 3102 cum
787 3039 1092 3102 commemoratione
1109 3035 1224 3111 Ferme,
1250 3027 1391 3098 dummodo

341 3143 406 3186 uon
431 3125 472 3186 sit
496 3123 563 3187 dies
586 3126 733 3209 septima,
758 3126 831 3211 quia
858 3133 932 3189 tunc
948 3124 1098 3211 Vespere
1123 3122 1260 3205 agendae
1284 3129 1348 3186 sunt
1365 3115 1390 3179 dc

343 3211 436 3276 Feria
460 3209 514 3297 (ut
536 3211 595 3275 sub
619 3212 712 3276 linem
738 3234 769 3277 n.
794 3211 1006 3296 precedentis
1030 3209 1219 3296 innuimus)
1245 3211 1313 3275 sine
1333 3221 1390 3271 con·

342 3301 574 3364 memoratione
598 3297 735 3364 Octavcc.
760 3301 852 3364 Ratio
885 3319 982 3384 porro
1008 3298 1209 3385 disparitatis
1234 3298 1267 3361 in
1300 3317 1332 3360 eo
1350 3293 1388 3356 stu

343 3394 402 3462 est,
420 3387 504 3471 quod
528 3389 560 3451 in
585 3389 692 3471 priore
716 3407 792 3452 casu
816 3386 936 3452 Octava
955 3396 1065 3452 ⁴cessat
1090 3387 1130 3452 ad
1148 3385 1387 3469 Communium

343 3473 376 3536 in
400 3475 570 3558 posteriori
602 3483 709 3539 autem
734 3475 774 3539 ad
797 3475 941 3552 Nonam,
974 3477 1049 3560 quia
1073 3475 1141 3539 dies
1174 3474 1313 3557 septima
1332 3464 1387 3534 inlu
1428 3478 1433 3530 t

343 3557 496 3626 Octavam
521 3569 571 3626 est
587 3560 737 3645 Vesperis
762 3562 925 3627 destituta.
944 3561 978 3626 Si
1002 3583 1076 3628 vero
1101 3561 1199 3626 hodie
1216 3553 1364 3624 incidatd'
1426 3569 1433 3606 ‘r

345 3644 481 3724 Octava,
506 3649 561 3713 liat
585 3648 624 3712 de
647 3650 739 3734 ipsa,
763 3649 1033 3735 quemadmodum
1057 3651 1096 3715 de
1121 3649 1173 3714 die
1197 3666 1263 3712 uon
1286 3643 1385 3731 sepum
1426 3676 1433 3747 -Η

344 3736 493 3818 superius
517 3744 682 3801 ostensum
707 3745 766 3802 est.
1428 3750 1433 3762 ·

410 3820 441 3885 9.
465 3821 501 3885 ln
525 3822 666 3888 Sabbuto
690 3833 764 3908 post
787 3822 940 3889 Octavam
964 3823 1171 3888 Ascensionis
1196 3822 1334 3889 Officium
1352 3814 1404 3903 tti-
1429 3832 1433 3901 j

344 3907 383 3972 tle
407 3907 522 3990 Vigilia
546 3909 774 3986 Pentecostes,
798 3932 869 3996 qum
893 3932 1008 3996 nempe
1031 3911 1174 3975 excludit
1198 3910 1380 3996 quodcunque

343 3994 473 4062 Festum
497 3996 529 4059 iu
547 4015 583 4060 ea
601 4017 774 4064 occturens
791 4001 887 4064 etiem
913 3999 1030 4084 duplex
1047 3999 1160 4084 primm
1179 3999 1300 4064 classis.
1315 3985 1376 4058 dul·
1430 4034 1433 4053 ι
