3484 4875
365 496 429 568 llt
614 510 838 564 nnuornrtottns
854 511 886 563 nt
902 511 995 564 rasrn
1010 512 1148 565 stanton

389 628 511 713 gesima
541 633 708 702 occurrat,
732 632 888 711 petuntur
910 625 1081 692 Lectiones
1103 625 1204 712 primi
1224 616 1380 692 Nocturoic

387 714 554 782 Communi
579 713 764 778 Doctorum.
788 713 819 778 S.
837 712 874 778 R.
894 713 926 779 C.
951 714 969 779 5
990 713 1069 800 Moj.
1095 711 1184 781 'trud
1200 715 1232 779 ic
1253 713 1380 780 Ciosidlu.

341 806 398 871 28.
422 840 466 853 ·-
489 803 513 868 l.
538 802 613 867 Haec
637 801 705 866 dies
728 801 771 866 28
795 800 912 887 (extra
947 800 1100 868 Ordinem
1125 800 1295 889 nostrum)
1315 802 1381 868 relin-

383 890 511 979 quenda
528 897 577 955 est
594 910 693 955 vacua
710 910 727 953 a
745 898 900 975 perpetua
918 890 1057 975 cujusvis
1071 889 1176 956 Officii
1193 891 1382 975 assignatione,

383 990 420 1046 ut
443 979 594 1045 nimirum
620 979 650 1043 in
687 997 723 1042 ca
748 985 843 1063 queat
866 980 980 1064 reponi
1015 978 1148 1045 Festum
1186 977 1243 1044 SS.
1274 966 1383 1045 Nominis

385 1069 483 1143 lesu,
508 1066 687 1151 siquando
723 1066 843 1131 incidat
866 1066 898 1131 in
924 1065 1123 1133 Dominicam
1156 1065 1384 1152 Septuagesiue.

385 1158 418 1222 S.
443 1155 478 1220 R.
506 1154 537 1219 0.
565 1156 583 1218 5
608 1153 686 1240 Moj.
712 1154 797 1219 1756
822 1154 854 1217 io
889 1154 1056 1220 Eiosidlcu.
1082 1165 1111 1220 ct
1136 1156 1177 1220 et
1214 1154 1307 1220 Mart.
1328 1153 1382 1219 llil

384 1244 417 1309 in
439 1264 502 1307 otoo
529 1241 676 1328 Conprcp.
701 1240 754 1306 SS.
773 1241 990 1329 Rodentptoris
1013 1243 1054 1307 od
1078 1244 1108 1309 7.
1126 1242 1196 1308 Hac
1220 1263 1339 1329 quoquc
1353 1240 1385 1305 dic

384 1329 605 1418 reponendum
629 1337 689 1404 cst,
706 1329 760 1393 ubi
777 1330 960 1395 celebratur
978 1328 1097 1398 Octava
1114 1332 1314 1416 privilegiata
1334 1330 1384 1394 Con·

387 1418 545 1485 versionis
569 1416 601 1483 S.
626 1417 716 1496 Pauli
741 1419 886 1501 quamvis
911 1438 983 1483 cum
1016 1419 1164 1484 clausula
1188 1418 1228 1484 de
1251 1418 1329 1484 cello
1346 1425 1384 1482 otc.

387 1508 423 1573 S.
448 1506 484 1571 R.
511 1505 544 1570 Ο.
569 1506 588 1571 6
612 1506 696 1593 Sept.
722 1506 808 1569 tuot
836 1507 868 1569 in
891 1505 1026 1571 Meliten.
1051 1506 1093 1571 cd
1124 1505 1155 1572 5.
1181 1506 1283 1572 Porro
1305 1507 1329 1572 si
1345 1522 1384 1589 qua

386 1594 459 1660 dics
477 1590 595 1661 Octava
612 1593 708 1657 simul
731 1593 852 1659 incidat
868 1613 942 1659 cum
959 1592 1054 1659 Festo
1079 1592 1135 1659 SS.
1154 1594 1299 1660 Nominis
1314 1601 1384 1659 trane

388 1683 458 1748 lato
482 1682 514 1745 in
539 1680 621 1745 diem
645 1679 728 1745 hanc
745 1682 785 1745 ob
802 1701 974 1747 occursum
998 1689 1036 1746 ut
1059 1702 1171 1767 supra,
1188 1682 1275 1747 idem
1289 1681 1385 1747 teum

386 1789 426 1835 cx
448 1767 597 1834 Rubricae
621 1770 811 1854 praescripto
834 1770 947 1855 peragi
971 1790 1052 1855 opus
1076 1778 1126 1835 cst
1150 1790 1224 1836 cum
1249 1770 1308 1835 dici
1322 1767 1384 1835 Octa

384 1878 432 1922 vn
456 1857 770 1922 commemoratione.
795 1859 826 1922 S.
852 1857 889 1922 R.
917 1857 948 1923 C.
972 1857 1063 1922 car.
1089 1858 1139 1923 cit.

431 1945 470 2010 ll.
495 1944 553 2009 Ubi
577 1943 672 2008 hodic
696 1946 803 2028 agitur
826 1944 971 2010 Officium
996 1946 1131 2031 simplex
1157 1945 1190 2012 S.
1213 1946 1335 2029 Agnetis
1355 1960 1385 2005 sc

386 2032 501 2109 cundo,
526 2031 566 2097 ad
590 2032 782 2097 Matutinum
805 2031 923 2098 dicitur
947 2032 1171 2099 Inritatorium
1196 2054 1270 2100 cum
1291 2032 1383 2117 llynuo

388 2120 427 2185 de
458 2120 624 2186 Communi
648 2119 788 2204 Virginis
821 2129 853 2185 ct
883 2121 1054 2209 Martyris,
1085 2121 1286 2189 Nocturnum
1313 2118 1385 2183 lleria

387 2210 559 2283 currentis,
577 2208 681 2293 prima
705 2217 735 2273 et
759 2208 900 2274 sccunda
924 2209 1032 2276 Lectio
1057 2210 1096 2275 dc
1120 2209 1289 2296 Scriptura
1304 2223 1404 2273 oceno.

258 2343 260 2347 ψ
385 2297 602 2373 1·cnte,tertia
626 2297 757 2380 propria
781 2304 817 2362 ut
840 2298 872 2362 in
896 2296 1060 2363 Breviario
1084 2298 1145 2363 hac
1170 2300 1240 2385 ipsa
1265 2296 1385 2377 dictet
1409 2367 1411 2382 Ι

385 2385 448 2452 duo
471 2384 523 2471 rid.
548 2404 586 2449 ex
608 2383 780 2450 Nocturnis
805 2383 891 2450 Festi
922 2386 1110 2472 principalis
1143 2386 1196 2452 die
1218 2387 1257 2452 dl
1284 2383 1384 2469 hujusce

384 2475 516 2551 mensis,
540 2493 577 2538 co
602 2472 844 2559 ordine,quc1n
867 2475 1050 2560 praescrihit
1075 2474 1217 2541 Rubrica
1242 2493 1338 2557 gener.
1351 2470 1383 2534 lit

384 2562 426 2627 27
452 2583 482 2627 n.
507 2562 538 2627 t.
563 2560 612 2625 Ad
634 2560 770 2638 Laudes,
795 2570 827 2626 et
851 2562 1051 2647 perbonas,
1083 2564 1190 2628 omnia
1216 2569 1251 2629 ut
1273 2563 1302 2626 in
1322 2559 1383 2645 prio·

385 2650 481 2737 cipali
506 2651 600 2715 Festo
625 2650 874 2734 persolvuntur,
899 2658 1017 2736 praeter
1040 2651 1251 2726 Orationem,
1274 2667 1336 2734 qua
1352 2644 1382 2708 di·

384 2758 478 2803 versa
502 2745 552 2802 cst
568 2757 605 2802 ac
629 2738 774 2823 propria;
793 2737 908 2802 dclrinc
932 2747 1005 2824 post
1028 2738 1152 2803 Nonam
1170 2739 1249 2804 nihil
1273 2737 1305 2802 tit
1325 2734 1384 2800 ultra

385 2824 425 2889 de
448 2825 510 2890 hoc
533 2825 638 2900 Festo,
652 2825 742 2912 juxta
760 2824 942 2891 Rubricam·
958 2827 1142 2910 generalem
1160 2826 1199 2892 de
1216 2825 1316 2892 Festis
1334 2822 1385 2886 sin·
1407 2882 1411 2891 .

410 2913 526 2979 licibus
550 2915 598 2977 tit.
624 2914 653 2976 5.

387 2932 408 2998 p
429 3000 482 3066 lll.
506 3001 565 3066 uti
581 2999 675 3065 hodie
699 3002 855 3067 recitatur
878 3000 1023 3068 Officium
1041 3002 1080 3069 de
1097 3001 1217 3068 Octava
1234 3001 1268 3068 S.
1285 2994 1385 3084 Agnetis

386 3090 493 3154 omma
510 3091 661 3173 leguntur
685 3097 720 3153 ut
743 3091 775 3154 in
799 3090 905 3168 Festo,
931 3098 1063 3176 excepta
1086 3090 1272 3177 Antiphoua
1294 3088 1329 3154 ad
1341 3082 1386 3150 ldo·

383 3177 510 3265 goificot
533 3179 565 3242 in
589 3177 702 3263 primis
718 3177 879 3262 vesperis,
897 3177 1048 3244 Oratione
1072 3187 1104 3244 ct
1127 3178 1235 3256 ltlissa,
1255 3176 1387 3264 quaesunt

385 3266 418 3331 S.
443 3266 575 3348 Agnetis
600 3264 751 3330 secundo.
775 3265 943 3331 Lectiones
976 3267 1072 3352 primi
1093 3265 1251 3333 Nocturni
1280 3256 1389 3333 suntdc

385 3354 553 3440 Scriptura
577 3362 778 3429 occurrente,
803 3355 834 3418 in
860 3355 1001 3420 secundo
1025 3355 1128 3441 prima
1153 3363 1205 3420 est
1228 3352 1389 3449 propriant

385 3445 417 3508 in
440 3443 602 3508 Breviorio
636 3442 695 3506 hac
718 3442 787 3527 ipsa
821 3442 894 3518 die,
927 3443 997 3508 dirae
1029 3442 1162 3526 reliqum
1187 3443 1226 3508 de
1250 3442 1391 3507 Communi

384 3531 511 3615 Virgl
536 3533 618 3606 loco,
643 3531 674 3593 in
700 3530 793 3593 tertio
818 3539 990 3596 sumtmtur
1013 3550 1051 3595 cx
1068 3529 1239 3596 Communi
1262 3549 1320 3596 nco
1339 3524 1391 3590 vu·

386 3620 468 3700 ginis
493 3640 551 3684 nec
575 3618 736 3704 Martyris,
760 3626 796 3682 ut
819 3617 957 3683 Homilia
981 3617 1156 3685 concordet
1180 3638 1254 3684 cum
1279 3617 1393 3697 Erango

373 3705 428 3770 tio
451 3707 565 3772 otissa.
593 3707 705 3792 Censor
731 3705 804 3770 Gon.
828 3716 900 3771 sect.
927 3707 944 3770 7
970 3728 995 3771 c.
1021 3707 1050 3772 5.

429 3791 480 3856 lV.
506 3794 539 3859 Si
563 3795 680 3860 alicubi
697 3793 825 3858 tostum
844 3795 1033 3879 primarium
1057 3793 1089 3858 S.
1108 3793 1243 3878 Agnetis
1266 3795 1397 3878 streper-

385 3887 503 3963 petuo,
535 3883 601 3946 sive
632 3902 690 3968 per
722 3881 871 3947 accidens
896 3885 1007 3968 reponi
1031 3882 1200 3964 contingat
1226 3891 1303 3968 post
1332 3881 1398 3946 dicu

384 3967 555 4043 lucretii,
588 3990 651 4054 qua
674 3970 825 4035 nimirum
850 3969 979 4035 Festum
1013 3971 1120 4053 agitur
1143 3970 1175 4035 S.
1202 3970 1337 4055 Agnetis
1363 3984 1400 4033 sc·

382 4055 510 4133 nundo;
535 4056 574 4123 de
597 4057 692 4125 Festo
716 4057 777 4126 hoc
800 4057 991 4125 secundario
1015 4059 1048 4124 su
1074 4066 1108 4125 ut
1132 4058 1222 4137 alibi,
1246 4060 1337 4128 nullo
1356 4055 1403 4124 sci·
