3484 4875
1310 414 1352 461 vti

303 512 416 591 adsint,
438 521 558 605 praeter
580 517 718 584 Indicam
744 519 890 607 Cupitum
914 529 942 585 et
965 517 1222 596 Adnotationum,
1246 520 1288 585 ad
1311 522 1373 587 cal·

301 624 366 667 cem
392 626 515 691 quicque
539 608 715 695 reperietur
737 608 837 673 ludera
859 630 968 673 rerum
990 610 1172 674 notabilium
1198 609 1304 674 ordine
1327 610 1373 675 al·

298 691 464 778 plaletica
501 697 654 781 depastus,
685 719 747 761 urm
783 719 854 762 cum
884 696 1017 762 Elerarlio
1047 697 1212 763 Festornm
1242 698 1375 763 Rontani

301 778 498 859 Kalendarii,
523 806 593 870 quae
616 786 648 849 in
670 784 879 851 Franciscano
897 786 959 851 alia
984 787 1033 851 die
1056 787 1258 852 celebrantur.

367 871 409 936 Id
426 872 505 936 acilii
520 873 720 938 declararunt
742 873 884 939 nonnulli
897 898 928 939 se
945 897 1067 963 cupere,
1083 885 1118 939 ut
1141 877 1171 940 in
1196 876 1254 941 lac
1274 875 1373 942 altera

302 958 447 1025 Editione
471 964 668 1028 tractationes
692 964 853 1049 quasdam,
877 965 1009 1052 sparsim
1034 966 1064 1028 in
1087 964 1238 1028 Measium
1263 986 1374 1053 corpus

302 1060 393 1114 antea
417 1050 569 1127 insertos,
590 1072 649 1139 per
673 1052 776 1117 titulos
799 1064 828 1117 et
851 1056 956 1140 capita
979 1053 1134 1117 distinctas
1164 1053 1372 1131 adornamui,

299 1158 336 1201 ne
357 1138 422 1226 ipsi
444 1140 580 1215 scilicet,
612 1142 656 1206 ita
679 1141 825 1227 ajalon-t,
859 1142 901 1206 acl
923 1141 992 1205 illas
1016 1142 1237 1227 conquerendas
1259 1144 1373 1231 saepias

299 1224 439 1291 indicem
472 1228 560 1292 adire
590 1241 781 1315 caperentur.
804 1231 846 1295 At
876 1231 955 1294 caim
986 1229 1023 1295 iis
1050 1252 1169 1295 morem
1191 1250 1298 1317 perere
1320 1252 1372 1294 ne·

302 1335 462 1401 quaquam
493 1317 641 1405 expedire
671 1321 769 1383 nisam
800 1330 865 1395 cst,
893 1328 1062 1407 propterca
1094 1319 1176 1405 qnod
1205 1321 1285 1384 ratio
1317 1319 1372 1385 illa

298 1404 489 1469 incommodi
518 1407 636 1471 citandi
664 1430 724 1472 non
754 1407 845 1472 modo
877 1407 918 1472 ad
949 1408 1166 1485 monialmoni,
1195 1429 1271 1494 qnias
1294 1408 1373 1473 milti

297 1493 536 1582 si'pnificarnnt,
557 1496 709 1584 perlinat,
733 1519 841 1561 verum
864 1506 893 1561 et
917 1496 957 1561 ad
978 1496 1086 1585 plures
1110 1497 1187 1561 alias
1200 1521 1210 1570 ,·
1241 1498 1372 1583 ideoque

297 1603 336 1645 aa
360 1604 472 1647 eornm
501 1584 640 1671 placito,
670 1586 783 1650 nediun
814 1586 1026 1650 immutandus
1057 1586 1183 1661 titulus,
1215 1587 1267 1650 sed
1295 1607 1371 1673 opus

295 1670 402 1757 ipsum
426 1672 469 1735 ad
492 1672 590 1737 aliam
610 1674 706 1762 plane
727 1676 865 1761 [orniam
886 1674 994 1760 suisset
1017 1675 1218 1760 eocipendum;
1240 1675 1299 1742 liic
1323 1696 1372 1739 ac·

295 1760 385 1836 cedit,
403 1760 487 1846 qitoal
503 1761 609 1847 aliqtm
634 1764 738 1851 capita
754 1763 859 1828 brevia
876 1764 1007 1827 nimium
1031 1774 1059 1826 ct
1082 1764 1177 1828 cecilia
1198 1765 1369 1828 necessario

295 1850 477 1915 ectitissent.
495 1851 536 1915 At
553 1872 569 1915 e
585 1873 728 1917 coriaerso
752 1853 922 1917 arbitratus
944 1874 1013 1915 snm
1037 1854 1097 1917 atei
1120 1854 1256 1917 anniteris
1277 1852 1371 1940 plane

294 1958 368 2015 esse,
394 1949 429 2004 nt
453 1941 570 2025 quoties
593 1962 641 2005 ros
666 1952 839 2030 opportune
862 1941 997 2018 caderet,
1021 1951 1128 2028 aptam
1152 1941 1369 2005 resolutionem

293 2027 492 2091 adnecterent
510 2028 653 2116 pluribus
673 2031 906 2107 Qnrcestianibus,
930 2052 1005 2115 qum
1030 2039 1089 2094 tato
1114 2030 1369 2115 qscadriennio,a

290 2115 404 2202 prima
433 2118 584 2181 nimirum
607 2119 648 2182 ad
672 2120 751 2184 lactc
774 2141 870 2205 usqne
902 2120 1065 2183 editionem
1087 2119 1277 2206 interlapso,
1309 2119 1370 2182 oiri

291 2205 392 2269 ctiam
420 2207 673 2293 proestantissimi
705 2208 784 2273 cirili
817 2208 1020 2296 caplioarodas
1049 2216 1286 2296 proposuerunt.
1319 2205 1369 2272 Ad

295 2295 369 2370 laec,
393 2304 516 2381 praeter
538 2316 599 2359 non
619 2317 723 2383 panca
748 2297 879 2361 Decreta
903 2296 1041 2360 unanime
1064 2296 1238 2372 siccissima,
1260 2295 1368 2382 plnres

295 2382 399 2469 adjeci
422 2382 727 2463 animadversiones,
752 2396 816 2451 tum
841 2387 883 2450 ad
905 2385 1088 2451 vindicanda
1113 2385 1150 2449 al)
1173 2384 1299 2470 objectis
1321 2384 1369 2450 acl

295 2474 332 2535 ad
354 2472 546 2539 illustranda
569 2474 688 2561 aliquot
710 2497 809 2540 sacrae
830 2475 982 2560 Litnrpice
1005 2474 1125 2562 capita,
1151 2484 1216 2539 tum
1239 2494 1311 2537 cero
1336 2495 1365 2537 e-

293 2559 367 2625 tram
394 2561 438 2626 ad
461 2561 613 2628 rationem
637 2565 799 2652 mysticam
824 2564 1032 2651 afferendam,
1057 2584 1153 2649 attare
1177 2562 1266 2627 certis
1291 2572 1366 2627 tem-

285 2651 422 2736 poribus
445 2651 591 2736 qna’dam
615 2675 670 2718 cen
691 2653 824 2741 propria
848 2675 886 2718 ac
908 2653 1081 2741 peculiaria
1105 2652 1136 2716 in
1159 2651 1277 2716 Divinis
1297 2651 1367 2738 Offi-

289 2739 347 2802 ciis
369 2741 558 2828 praescr-epta
581 2753 660 2807 sunt.
682 2742 818 2807 Tandem
841 2742 1075 2829 reformandam
1099 2741 1203 2806 consui
1224 2762 1319 2804 unam
1338 2750 1366 2805 et

289 2827 429 2891 alteram
452 2829 638 2917 opinionem,
662 2833 714 2896 cui
735 2843 805 2896 autc
829 2831 1039 2908 adhaeseram,
1063 2829 1184 2894 levioris
1207 2830 1276 2894 licet
1299 2850 1365 2894 mo·

288 2917 402 2989 menti:
417 2917 551 3004 itemque
575 2919 616 2983 ad
639 2921 740 3008 operis
756 2920 870 2985 calcem
890 2920 1044 3007 triplicem
1064 2918 1219 2984 Tabellam
1238 2918 1365 3003 subjeci,

290 3004 325 3067 in
349 3027 485 3090 quarum
508 3012 614 3094 prima
637 3009 815 3074 indicantur
837 3009 927 3073 initia
950 3009 1201 3096 Antiplionarnm
1232 3016 1261 3070 et
1294 3005 1364 3071 Ver·

289 3093 464 3181 siculorum
486 3096 752 3174 Dominicalium,
784 3100 815 3162 in
847 3098 948 3162 altera
975 3098 1156 3163 Orationnm
1186 3095 1275 3160 initia
1303 3116 1365 3183 pro

290 3182 462 3248 Dominicis
483 3197 554 3271 post
576 3185 787 3275 Epiphaniam
810 3197 840 3252 ct
862 3185 1075 3264 Pentecosten,
1098 3186 1130 3250 ia
1152 3183 1263 3249 ultima
1286 3182 1364 3248 desi·

289 3281 429 3358 quantur
450 3274 539 3339 initia
563 3274 730 3340 Librorum
752 3298 852 3341 sacrae
875 3276 1057 3363 Scripturoe.

358 3359 444 3426 Illud
466 3363 545 3427 milii
566 3363 760 3452 potissimum
785 3386 870 3430 ciiroe
892 3365 974 3450 sitit,
998 3374 1031 3428 ut
1063 3363 1140 3426 nillil
1162 3360 1223 3425 nisi
1245 3370 1365 3426 certum

289 3449 341 3514 nel
360 3451 556 3536 pravioribus
579 3454 740 3518 momentis
762 3453 906 3518 inuictum
937 3453 1096 3539 sclipercm
1123 3461 1215 3535 atqne
1240 3450 1363 3537 proser-

292 3559 379 3613 rem;
402 3540 590 3625 ubicnmqne
614 3553 717 3606 tannen
740 3564 759 3607 a
782 3565 853 3607 ocra
878 3541 1086 3606 Rubricatum
1111 3549 1139 3604 et
1162 3538 1365 3604 Decretornm

288 3648 380 3693 sensa
402 3631 484 3716 [orte
507 3631 730 3709 aberraverim,
753 3651 899 3720 supremo
917 3631 1039 3695 Sanctae
1055 3630 1205 3694 Romanae
1220 3627 1364 3694 Ecclesia³

282 3716 409 3805 judicio
432 3740 483 3783 me
508 3729 615 3795 totum,
640 3723 687 3785 nti
707 3741 769 3808 par
792 3729 847 3796 est,
871 3742 912 3784 eac
934 3721 1037 3784 animo
1061 3718 1215 3783 submitto.

361 3807 601 3894 (ltialccnmqnev
611 3830 710 3896 porro
725 3808 764 3875 sit
784 3808 972 3897 Opnscnlam
988 3806 1071 3873 istud
1093 3807 1124 3870 in
1146 3828 1213 3871 rem
1229 3814 1363 3871 nestram

288 3917 353 3960 non
378 3897 490 3982 eaipuo
515 3897 621 3962 labore
644 3899 877 3972 concinnatum,
901 3897 983 3961 nobis
1010 3896 1159 3973 mamone,
1186 3894 1363 3980 opaciores

290 4003 430 4072 qnorum
453 4007 565 4052 munus
588 3996 631 4051 est
647 3985 836 4051 Kalendario
861 3985 1002 4061 condere,
1019 3986 1141 4072 obsero;
1157 4005 1208 4048 nos
1231 3982 1363 4048 vicissim

288 4072 481 4140 industriam
505 4075 537 4140 in
560 4096 594 4141 eo
618 4077 790 4165 impensam
814 4074 900 4163 oeqiti,
921 4074 1050 4160 bonique
1074 4072 1229 4140 consulite.
1301 4096 1305 4105 ·
