3484 4875
607 508 825 557 annornrronns
841 512 871 557 m
886 512 977 557 rnsrn
993 511 1133 559 ncroonrs
1315 491 1378 558 583

387 615 517 681 secundi
540 614 702 693 Nocturni,
726 638 796 703 qnae
819 619 879 684 hac
902 619 952 684 die
977 620 1105 706 propria
1129 618 1228 685 adest.
1246 618 1281 684 In
1305 618 1399 685 Missa

385 704 501 769 Statuit
524 704 562 769 de
586 705 751 772 Communi
784 708 966 794 adjungitur
1000 709 1019 773 ‘d
1043 710 1152 776 Oratio
1174 710 1201 774 A
1225 709 1355 784 conctis,
1380 708 1398 773 5

385 792 426 857 ad
450 794 585 858 lihitum.
610 794 704 859 liobe.
729 796 780 860 ibi.

328 878 372 946 2.
395 918 439 929 —
463 882 486 947 l.
512 882 547 947 ln
563 883 656 947 Festo
680 883 728 948 Ss
746 885 938 969 Angelorum
957 885 1128 951 Custodum
1145 884 1194 973 (ac
1210 904 1267 971 per
1289 903 1400 953 eorum

384 968 559 1047 Octavam,
592 973 642 1036 uhi
676 993 826 1039 concessa
850 975 924 1060 est)
957 974 1069 1062 Hymni
1093 975 1249 1041 Horarum
1278 974 1399 1040 absolvi

384 1069 546 1143 nequeunt
577 1081 633 1144 per
656 1061 818 1147 stropham
843 1063 905 1127 Deo
929 1062 1019 1128 Petri
1039 1065 1077 1128 sit
1098 1063 1219 1149 glorio,
1251 1064 1304 1149 qui
1326 1084 1400 1148 quoa

384 1148 517 1212 redemit
539 1148 637 1213 Filius
660 1160 720 1214 otc.
746 1159 780 1215 ut
810 1153 841 1215 in
872 1151 994 1239 Hymno
1026 1152 1189 1226 haudum;
1220 1151 1252 1216 id
1283 1152 1398 1238 qnippe

382 1235 549 1301 dumtaxat
572 1239 736 1323 proprium
752 1248 801 1303 cst
823 1239 989 1305 Fostorom
1013 1240 1135 1305 Domini
1161 1249 1191 1305 ct
1215 1240 1247 1303 B.
1273 1240 1311 1305 dl.
1329 1240 1396 1306 Vir·

384 1326 479 1407 ginis
497 1326 528 1389 S.
546 1325 581 1389 li.
601 1326 632 1390 0.
651 1328 690 1392 lO
708 1326 779 1391 tce.
799 1328 882 1393 llOO
899 1329 931 1391 irc
949 1329 1069 1395 Curieu.
1094 1330 1135 1394 od
1150 1329 1180 1393 lt.
1210 1328 1283 1392 Vide
1306 1330 1398 1394 etiem

381 1424 530 1478 anatotctu
561 1415 615 1479 stab
646 1415 695 1479 ate
732 1416 773 1480 95
805 1416 875 1481 Jart.
898 1417 1039 1481 nin'o
1060 1421 1129 1505 fine.
1147 1417 1204 1482 Ubi
1228 1415 1300 1500 addi
1318 1438 1397 1503 opus

382 1509 433 1565 est
458 1506 792 1569 corrrmemorationem
816 1505 876 1569 dici
900 1504 981 1570 inira
1005 1505 1155 1573 Octavam
1179 1506 1209 1572 S.
1235 1506 1395 1572 Michaelis

383 1590 595 1674 Archangeli,
619 1592 787 1657 adhibetur
808 1593 836 1675 i.
860 1594 948 1659 Stetit
970 1595 1114 1680 Angelos.

426 1679 466 1743 ll.
494 1680 620 1745 Festum
645 1680 693 1745 Ss.
718 1684 933 1766 Angelorum,
965 1683 1040 1747 licet
1064 1684 1179 1768 duplex
1210 1686 1335 1760 minue,
1366 1684 1398 1748 in
1479 1728 1484 1738 ·

383 1787 540 1833 concursu
564 1789 634 1833 cnm
652 1769 744 1835 Festo
769 1772 830 1835 alio
854 1770 938 1857 quod
961 1772 1024 1836 ritu
1042 1773 1168 1858 quidem
1192 1794 1250 1859 par
1273 1773 1324 1847 sit,
1341 1772 1397 1836 sed

382 1854 516 1921 interius
533 1857 695 1941 dignitate,
713 1861 928 1944 praelationem
954 1860 1083 1926 obtinet.
1101 1862 1131 1926 S.
1157 1861 1191 1927 tt
1212 1862 1243 1927 O.
1261 1862 1302 1925 99
1319 1861 1397 1945 Aug.

384 1945 466 2011 llll
495 1947 525 2009 iu
548 1969 609 2010 oreo
627 1946 715 2012 Proo.
737 1948 846 2012 Gallice
867 1948 1024 2013 Societctis
1041 1949 1122 2014 Jcsu.
1141 1951 1181 2014 At
1204 1971 1313 2015 eornm
1338 1948 1398 2014 diei

384 2030 510 2099 Octarae
534 2034 610 2120 (ubi
635 2037 739 2102 locum
763 2035 880 2120 hahet)
904 2038 1046 2121 praelatio
1071 2039 1157 2103 nulla
1182 2040 1340 2104 tribuitur.
1364 2037 1395 2102 S.

385 2121 419 2187 R.
437 2125 479 2191 ’0.
506 2123 546 2187 th
570 2124 646 2210 Apr.
672 2126 755 2190 9995
780 2127 811 2187 iu
835 2126 1056 2189 Panormitano
1080 2127 1121 2190 od
1145 2127 1174 2190 5.

428 2211 480 2277 lll.
505 2213 564 2277 Uhi
594 2213 642 2277 Ss.
668 2215 859 2297 Angelorum
888 2213 1016 2278 Festum
1044 2234 1081 2278 ex
1105 2214 1230 2278 indulto
1262 2214 1396 2298 Aposto-

387 2299 445 2364 lico
470 2300 649 2366 celebratur
673 2322 780 2367 mense
803 2301 993 2387 Septembri,
1017 2303 1102 2367 illius
1130 2303 1239 2387 nequit
1265 2302 1393 2366 recitari

388 2387 528 2454 Officium
553 2392 647 2455 ctiam
671 2391 729 2456 hac
754 2391 804 2454 die
835 2390 971 2456 secunda
996 2389 1151 2456 Octobris
1177 2392 1207 2456 S.
1233 2391 1267 2470 ll.
1294 2390 1326 2456 Ο.
1351 2390 1391 2455 59

389 2477 467 2567 Sept.
494 2481 577 2545 9979
602 2482 632 2543 in
656 2503 717 2544 retro
744 2481 816 2545 deu.
843 2481 1088 2567 Corrttcciuoruot
1111 2481 1152 2544 ad
1168 2481 1198 2544 d.

427 2567 477 2631 lV.
503 2567 536 2632 Si
560 2569 651 2633 hodie
675 2569 768 2634 inerit
792 2569 976 2642 Sabbatum,
1001 2568 1083 2654 apud
1107 2590 1164 2633 nos
1188 2588 1270 2632 nona
1291 2567 1398 2631 Lectio

388 2664 432 2720 est
463 2657 502 2720 de
530 2657 659 2722 homilia
682 2658 803 2742 Vigiiim
827 2659 859 2722 S.
885 2658 917 2722 P.
942 2657 978 2722 N.
1004 2658 1163 2722 Francisci
1196 2658 1397 2742 anticipata,

388 2744 474 2830 cujus
492 2766 616 2832 quoquc
633 2747 891 2812 commemoratio
913 2748 1017 2829 agitur
1033 2747 1063 2810 in
1081 2746 1239 2812 Laudibus
1256 2755 1287 2810 et
1304 2746 1399 2810 llissa

386 2851 455 2897 cunr
476 2834 576 2919 ipsius
592 2835 759 2919 Evangelio
777 2838 807 2900 in
826 2837 928 2900 llissae
952 2835 1025 2900 line:
1044 2835 1124 2900 binae
1149 2837 1279 2921 insopor
1295 2835 1398 2899 llissm

385 2920 614 2988 Conventualcs
642 2926 806 3008 leguntur,
837 2945 906 3010 quae
938 2924 1095 3010 quomodo
1119 2925 1305 2990 ordinentur
1332 2923 1398 3009 jam

338 3077 362 3143 3
385 3011 594 3096 explicuimus
618 3015 689 3114 99
713 3034 743 3115 n.
768 3013 787 3077 9
811 3023 842 3078 et
866 3034 953 3099 seqq.
1030 3103 1035 3116 .

362 3135 368 3150 ·
394 3136 438 3146 -
461 3099 484 3164 1.
509 3100 595 3165 Inter
618 3101 795 3184 biturgrcos
820 3124 881 3168 non
906 3111 1061 3177 convenit,
1086 3110 1193 3167 ulrum
1210 3100 1258 3167 Ss.
1282 3101 1395 3166 Cosma

382 3195 414 3252 ct
438 3187 619 3264 DamianuS‚
643 3211 778 3275 quorum
801 3191 894 3255 hodio
911 3190 993 3275 apud
1011 3211 1079 3266 nos,
1104 3190 1153 3254 die
1178 3210 1250 3254 rero
1275 3189 1316 3253 97
1342 3189 1396 3254 Sc·

380 3277 539 3359 ptemhris
563 3280 593 3343 in
618 3278 761 3344 Ecclesia
785 3281 954 3344 universali
978 3280 1094 3344 colitur
1116 3278 1279 3353 memoria,
1301 3276 1396 3341 iidem

380 3366 606 3517 sinthqnornm
630 3369 661 3432 in
686 3367 834 3432 Oratione
857 3367 991 3432 Cononis
1018 3366 1281 3431 Gomrnttoicoutes
1308 3384 1394 3430 men·

380 3454 427 3518 tio
476 3455 597 3522 abatur.

426 3541 467 3607 ll.
492 3541 525 3608 Si
547 3544 628 3611 forte
652 3545 767 3619 alicubi
791 3543 905 3632 (extra
929 3540 1078 3608 Ordinem
1102 3539 1272 3628 nostrum)
1304 3539 1398 3605 hodio

381 3629 514 3696 Festum
537 3645 649 3718 agatur
665 3634 886 3699 secundarium
910 3651 1074 3697 sacrorum
1097 3632 1289 3714 Stigmatum
1312 3629 1344 3694 S.
1362 3629 1397 3694 P.
1505 3696 1507 3706 ,

380 3723 556 3798 Francisci‚
580 3741 717 3809 quonam
742 3731 833 3808 pacto
857 3721 901 3786 ibi
924 3720 1079 3806 Vesperas
1104 3720 1243 3785 ordinari
1266 3737 1396 3784 neccsse

380 3813 435 3890 sit,
460 3819 549 3896 patet
571 3833 608 3878 ex
631 3833 658 3876 c.
685 3813 702 3875 5
727 3832 757 3875 n.
783 3811 813 3874 3.
1109 3868 1112 3879 .

328 3885 366 3960 ⁴.
392 3939 439 3954 -
459 3902 484 3967 1.
510 3898 701 3966 Solcnmitas
733 3898 764 3964 S.
789 3899 822 3964 P.
846 3896 883 3963 N.
907 3897 1068 3964 Francisci
1101 3905 1166 3963 tam
1197 3897 1230 3963 in
1261 3915 1395 3962 occursu

382 4010 480 4083 quam
496 3989 528 4053 in
542 4009 698 4055 concursu
715 3986 810 4075 (apud
827 4007 884 4052 nos
901 3995 1072 4072 nostroque
1083 3986 1243 4052 Rreriario
1260 3982 1397 4070 utentes)

381 4104 421 4150 cx
442 4079 609 4168 privilegio
632 4075 800 4166 praeiertnr
816 4076 1003 4162 cuicumque
1027 4075 1120 4145 Festo
1144 4074 1285 4163 ejusdcm
1307 4074 1398 4147 ritus,
