3484 4875
683 524 772 571 rnnnx
787 526 885 571 neuun
900 526 1078 573 nornmmun
1318 508 1382 575 tto

388 634 439 697 rio
464 632 562 710 Patri,
580 640 611 698 et
633 642 743 720 postea
766 636 925 719 integrum
950 644 1112 721 repetatur
1133 636 1176 722 ii,
1199 655 1270 722 pag.
1287 635 1351 702 ute
1376 647 1408 703 et

389 722 455 787 450
480 722 512 785 in
536 722 628 787 uotis.
653 722 720 801 Qua
746 723 783 788 de
806 745 901 789 causa
926 726 1013 811 prius
1045 725 1074 812 il.
1100 724 1270 790 bominicae
1297 727 1410 812 prima.

388 810 552 875 Adventus
577 819 642 876 tres
666 811 782 877 lrabeat
804 832 927 888 versus,
951 833 1021 899 pag.
1047 814 1110 878 aba
1136 816 1167 878 in
1192 822 1277 879 nota.

345 894 559 983 Responsoria
584 899 690 964 brevia
714 900 880 966 Horarum.
906 900 1037 979 Quando
1063 904 1139 987 ipsis
1163 902 1323 968 adduntur
1347 901 1408 967 diro

386 986 536 1072 Allelojo,
561 997 667 1053 annot.
692 988 731 1053 de
755 997 851 1073 temp.
870 991 1016 1058 Pasebali
1041 1012 1070 1055 n.
1090 991 1119 1055 t.
1137 989 1218 1068 Quid
1242 991 1410 1056 observan-

388 1074 467 1140 dum
498 1077 582 1141 cirea
613 1078 866 1143 immutationem
890 1080 918 1161 pl.
942 1081 973 1143 in
1006 1080 1034 1165 il.
1059 1080 1147 1144 brevi
1177 1079 1216 1144 ad
1246 1080 1407 1156 Primam,

388 1163 496 1228 adnot.
514 1165 555 1228 25
572 1165 641 1229 lan.
661 1186 690 1230 n.
709 1166 743 1229 V.
760 1167 822 1231 Cur
846 1166 886 1230 ad
909 1167 938 1253 il.
956 1168 1051 1232 breve
1075 1168 1189 1232 Primae
1213 1176 1244 1232 ct
1266 1168 1409 1253 Comple-

387 1253 463 1317 torii
486 1262 574 1319 extra
599 1261 723 1340 tempus
746 1255 899 1320 Pascbale
924 1276 1086 1341 nunquam
1108 1256 1244 1321 addatur
1260 1257 1407 1343 alleluja,

386 1360 461 1427 pag.
487 1342 549 1405 lid
573 1343 603 1406 in
628 1352 712 1407 nota.
1252 1364 1255 1368 ·

341 1427 471 1494 Rocbus
496 1429 562 1516 (8.).
580 1431 710 1496 Ubinam
730 1432 768 1496 de
789 1452 825 1496 eo
850 1433 977 1497 recitari
1001 1439 1107 1516 potest
1124 1430 1279 1507 Officium,
1297 1431 1404 1497 adnot.

387 1517 429 1584 16
454 1518 532 1601 bug.
557 1540 586 1583 u.
611 1518 634 1583 1.
659 1518 740 1598 Quid
764 1521 790 1584 si
815 1529 964 1585 occurrat
994 1542 1067 1586 cum
1098 1520 1178 1586 lesto
1202 1520 1234 1584 S.
1259 1520 1404 1585 Joachim

386 1608 521 1691 aqualis
546 1609 638 1683 ritus,
662 1608 737 1673 ibid.
763 1630 793 1673 n.
818 1608 856 1673 il.

336 1694 545 1779 Rogationes
570 1696 605 1760 ln
630 1696 734 1761 triduo
759 1697 970 1781 Rogatianum
995 1697 1085 1762 adest
1116 1699 1220 1782 gravis
1252 1697 1404 1782 obligatio

384 1784 543 1848 recitandi
573 1785 712 1850 bitanias
743 1784 932 1851 Sanctorum
966 1786 1005 1851 ab
1037 1786 1271 1852 obstrictisrad
1302 1787 1404 1851 Horas

383 1871 572 1946 canonicas,
595 1874 665 1938 vide
687 1873 826 1939 Litanioe.
852 1874 927 1953 Quae
951 1876 1044 1939 bdissa
1069 1876 1276 1951 celebranda,
1301 1876 1327 1939 si
1351 1875 1407 1939 fiet

383 1968 442 2025 ant
470 1982 532 2026 non
564 1961 618 2026 fiat
641 1962 827 2037 Processio,
860 1972 891 2028 et
923 1964 1079 2048 quomodo
1104 1963 1302 2039 ordinanda,
1334 1963 1406 2028 vide

383 2048 511 2113 Marcus
527 2050 596 2135 (S).
616 2050 705 2115 Faria
729 2049 868 2115 secunda
891 2052 1102 2135 Rogationum
1127 2060 1176 2117 cst
1198 2052 1310 2136 major;
1328 2052 1405 2136 quid

382 2137 412 2201 si
437 2138 469 2201 in
493 2158 528 2201 ea
546 2136 660 2204 festum
678 2139 810 2223 simplex
834 2147 888 2204 aut
912 2160 1023 2203 novem
1039 2141 1224 2205 Lectionum
1245 2149 1404 2214 occurrat,

382 2234 493 2290 annot.
520 2227 558 2289 de
577 2226 664 2292 feriis
688 2228 799 2310 Rogat.
825 2249 854 2291 n.
881 2228 910 2291 l.
936 2227 1026 2292 Faria
1041 2230 1144 2299 ,tertia
1169 2236 1217 2293 est
1240 2230 1354 2300 minor;
1373 2238 1405 2292 et

381 2314 462 2399 qnid
486 2315 512 2378 si
535 2314 654 2381 festum
685 2317 818 2400 simplex
842 2324 897 2381 aut
920 2335 1032 2381 novem
1057 2316 1241 2381 Lectionum
1269 2317 1301 2381 in
1333 2334 1404 2380 eam

380 2402 515 2479 incidat,
539 2403 613 2469 ibid.
631 2426 661 2470 n.
688 2405 716 2470 5.
735 2404 816 2484 Quid
833 2404 989 2489 agendum
1014 2406 1098 2471 circa
1121 2406 1249 2472 Missam
1272 2411 1304 2471 et
1321 2423 1406 2470 com·

380 2494 647 2558 memorationem
671 2495 893 2577 Rogationem,
910 2496 936 2558 si
957 2493 1072 2559 lestum
1090 2514 1261 2560 occurrens
1285 2495 1327 2559 sit
1350 2493 1405 2558 du-

379 2581 458 2668 plex
481 2583 591 2666 primae
616 2582 737 2658 classis,
761 2583 837 2647 ibid.
861 2604 892 2648 n.
916 2584 946 2648 la.
971 2583 1118 2668 Vespera
1141 2585 1173 2648 in
1197 2582 1284 2647 hisee
1315 2581 1405 2646 seriis

378 2689 530 2754 quaenam
550 2671 624 2746 sint,
641 2671 715 2736 ibid.
732 2691 763 2736 n.
782 2673 796 2735 l
817 2680 849 2735 et
873 2672 902 2735 5.
926 2671 1017 2736 Faria
1041 2679 1155 2757 quarta
1179 2671 1403 2754 Rogationem,

378 2757 459 2823 ibid.
484 2779 515 2823 n.
541 2758 570 2823 5.
595 2757 675 2836 Quid
698 2761 783 2824 circa
805 2759 952 2843 Vigiliam
976 2760 1196 2835 dsoensionis,
1219 2760 1347 2825 Missam
1372 2767 1405 2824 et

379 2848 717 2913 commemorationem
740 2848 962 2931 Rogationem,
980 2849 1006 2912 si
1030 2850 1061 2914 in
1079 2848 1160 2915 hanc
1183 2847 1295 2914 leriam
1312 2867 1405 2933 qnar-

378 2944 448 3000 tam
466 2935 584 3001 incidat
606 2935 722 3001 iestum
746 2937 861 3021 duplex
884 2939 995 3022 primae
1019 2939 1143 3014 classis
1172 2936 1247 3002 ibid.
1272 2958 1301 3001 n.
1326 2937 1358 3013 la,
1385 2938 1402 3001 5

379 3031 416 3089 ct
450 3024 480 3089 6.
515 3023 598 3102 Quot
633 3025 735 3090 Missae
770 3024 998 3092 conventuales
1030 3034 1103 3092 sunt
1138 3026 1336 3092 celebrandae
1372 3032 1404 3090 et

379 3112 540 3196 quomodo
558 3112 751 3190 ordinandae,
768 3114 794 3179 si
816 3117 848 3180 in
873 3115 957 3181 diota
981 3115 1059 3181 feria
1076 3113 1221 3180 Qliicium
1243 3114 1403 3201 persolva·
1482 3129 1484 3135 ·

379 3208 436 3265 tur
459 3221 569 3266 novem
594 3201 789 3278 Lectionum,
813 3203 889 3267 ibid.
914 3226 943 3269 n.
969 3204 999 3269 u.
1025 3202 1130 3281 Quare
1154 3203 1229 3267 liant
1255 3202 1403 3285 Rogatio-

378 3308 461 3365 nm,
494 3309 565 3374 pag.
598 3291 661 3355 277
692 3293 723 3356 in
755 3299 840 3356 nota.
870 3291 1088 3376 ingredientes
1120 3290 1404 3376 processionaliter

378 3376 558 3444 Ecclesiam
588 3379 745 3464 quomodo
774 3398 856 3464 aqua
887 3379 1053 3444 benedicta
1084 3378 1275 3465 aspergendi
1306 3385 1403 3453 sunt,

381 3465 490 3532 adnot.
514 3467 556 3531 25
580 3468 656 3553 dpr.
680 3489 711 3532 n.
736 3466 787 3531 VI.
811 3465 889 3530 Vide
911 3466 1089 3556 Episcopus.

329 3556 462 3625 Rosarii
485 3557 691 3632 solemnitas,
716 3556 742 3620 si
765 3554 972 3641 impediatur,
998 3553 1218 3620 transferenda
1242 3563 1291 3620 est
1311 3554 1404 3640 juxta

379 3643 547 3721 Rubricas,
565 3645 670 3710 adnot.
688 3645 776 3709 initio
790 3644 937 3710 Octobris
954 3666 984 3710 n.
1002 3644 1041 3709 ll.
1059 3644 1140 3723 Quid
1155 3643 1403 3717 immutandum,

380 3734 409 3797 si
440 3733 652 3799 transferatur
682 3733 722 3799 ad
753 3733 953 3809 Adventum,
986 3733 1093 3798 adnot.
1118 3740 1191 3819 post
1222 3732 1343 3797 thov.
1370 3730 1404 3795 Si

377 3832 534 3908 perpetuo
557 3822 778 3897 transferatur,
803 3842 939 3908 quanam
963 3821 1013 3887 die
1037 3830 1086 3887 est
1108 3820 1301 3908 reponenda,
1327 3839 1401 3906 pag.

380 3913 420 3977 ut
446 3914 478 3976 in
502 3919 587 3977 nota.
611 3911 645 3977 Si
668 3911 708 3976 ad
731 3911 816 3976 illins
838 3910 962 3976 baudcs
995 3911 1116 3995 agenda
1140 3912 1182 3975 sit
1205 3928 1399 3975 commemo-

379 4002 462 4067 ratio
487 4000 662 4086 cujuspiam
686 3999 884 4084 &Virginis
905 4000 1053 4089 Martyris
1078 4007 1132 4066 aut
1155 3999 1264 4068 Viduae
1287 3999 1315 4082 i.
1340 3997 1405 4062 erit

378 4090 488 4179 Specie
512 4099 575 4166 tato,
599 4089 705 4157 adnot.
729 4088 819 4155 initio
844 4086 955 4156 Octob.
